3417 5059
1543 394 1638 417 .——
1733 357 1996 420 56-

604 569 795 629 quam
844 548 1229 633 exprimunt,
1276 570 1403 615 non
1448 557 1718 633 propter
1761 552 2033 615 formam
2082 552 2305 615 adfero
2354 551 2486 635 (59,
2524 552 2604 616 18
2639 556 2707 615 et
2738 552 2840 634 69,
2862 551 2946 637 4).

602 656 754 721 Sine
801 656 993 721 dubio
1043 676 1120 721 00
1167 676 1333 736 quae
1381 657 1483 739 59,
1521 658 1600 720 18
1650 658 1955 722 dicuntur
1992 659 2157 722 bene
2204 658 2703 739 comparationis
2741 659 2947 723 forma

602 763 699 827 ita
747 763 965 827 induci
1013 769 1333 846 poterant,
1383 768 1456 828 ut
1503 768 1732 828 auctor
1779 764 2043 846 diceret,
2092 769 2165 829 ut
2213 784 2431 829 eorum
2478 764 2587 845 qui
2643 764 2947 829 audirent

499 926 504 929 .
603 869 802 934 animi
850 870 1054 934 tibiae
1103 875 1171 934 et
1218 870 1511 935 citharae
1559 870 1731 935 sonis
1770 876 2339 954 commoverentur,
2377 872 2475 935 ita
2514 875 2767 936 eosdem
2804 891 2945 936 ora-

600 976 795 1041 tionis
855 976 1138 1041 numeris
1195 978 1388 1042 valde
1454 978 1784 1043 delectari.
1878 980 2119 1042 Verum
2179 978 2303 1042 toti
2368 980 2734 1043 sententiae
2801 998 2951 1042 0011--

599 1082 900 1148 clusionis
945 1083 1218 1148 formam
1266 1084 1461 1167 dedit,
1511 1105 1653 1149 cum
1699 1086 1945 1149 duobus
1993 1084 2297 1148 membris
2334 1084 2521 1177 iuxta
2560 1085 2785 1167 positis
2833 1089 2943 1151 ad-

597 1189 959 1255 mirabilem
1007 1197 1074 1255 et-
1119 1190 1323 1255 tibiae
1371 1196 1438 1255 et
1485 1191 1778 1255 citharae
1825 1191 1957 1255 vim
2004 1192 2345 1273 descripsit
2390 1192 2597 1273 iisque
2643 1193 2945 1257 membris

601 1298 1067 1363 conclusionem
1133 1298 1401 1366 addidit.
1495 1297 1835 1363 Geminum
1901 1298 2089 1363 huius
2152 1300 2276 1363 loci
2342 1301 2721 1383 exemplum,
2778 1303 2945 1380 quod

598 1408 681 1469 ad
737 1425 872 1469 rem
929 1425 1120 1486 quam
1175 1404 1312 1485 ipse
1378 1409 1626 1469 tractat
1682 1404 1941 1487 attinet,
1998 1408 2329 1471 Vahlenus
2386 1408 2675 1487 appellat
2738 1408 2944 1471 locum

598 1511 708 1593 qui
755 1513 858 1595 69,
907 1513 948 1575 4
1003 1511 1236 1591 incipit
1291 1511 1358 1595 (1.
1406 1513 1444 1576 1.
1493 1532 1552 1592 p.
1601 1512 1676 1594 5.,
1727 1532 1786 1577 v.
1841 1513 1967 1596 14).
2062 1513 2244 1595 Quae
2300 1512 2688 1595 significatio
2746 1513 2944 1578 etiam

596 1625 754 1700 apta
824 1625 938 1701 est,
1010 1618 1064 1682 si
1129 1621 1211 1683 ad
1278 1637 1414 1683 rem
1481 1618 1665 1684 nobis
1731 1622 2144 1683 tractandam
2210 1620 2602 1701 respicimus.
2696 1622 2943 1685 Auctor

599 1726 784 1809 enim,
843 1745 984 1790 cum
1041 1726 1240 1790 etiam
1296 1726 1414 1789 hoc
1467 1726 1605 1790 loco
1660 1746 1779 1807 per
1836 1727 2382 1807 comparationem
2440 1727 2654 1791 dicere
2709 1732 2941 1809 posset,

596 1839 672 1897 ut
715 1832 784 1896 in
832 1831 973 1899 vita
1021 1832 1335 1897 communi
1384 1837 1724 1913 corruptus
1770 1833 1964 1898 iudex
2011 1853 2138 1898 11011
2186 1834 2384 1898 etiam
2423 1854 2647 1899 verum
2687 1852 2940 1898 sanum-

596 1958 718 2019 que
755 1939 1061 2004 iudicium
1098 1940 1317 2004 facere
1356 1943 1588 2021 posset,
1625 1938 1725 2003 ita
1762 1940 1891 2005 illis
1923 1940 2320 2022 temporibus
2358 1941 2677 2021 corruptis
2716 1960 2941 2007 verum

595 2046 1019 2111 sublimitatis
1064 2046 1341 2111 iudicem
1387 2065 1515 2110 11011
1562 2046 1854 2129 reperiri,
1904 2047 2401 2129 comparationis
2446 2048 2582 2112 1000
2630 2047 2752 2112 toti
2800 2067 2939 2112 3011-

595 2153 952 2218 tentiarum
983 2154 1210 2218 ,tenori
1259 2153 1680 2218 conclusionis
1727 2155 1998 2219 1011110111
2045 2154 2272 2219 induit.

772 2262 899 2325 Sed
931 2281 1072 2326 011111
1105 2280 1341 2326 verear
1370 2280 1453 2326 ne
1483 2260 1736 2342 longius
1768 2281 1808 2325 a
1839 2261 2164 2342 proposito
2197 2263 2510 2343 aberrem,
2548 2262 2678 2325 iam
2716 2262 2783 2325 in
2814 2262 2940 2326 fine

592 2367 781 2432 11111113
813 2367 1208 2448 quaestionis
1241 2371 1320 2432 de
1344 2367 1769 2432 duobus·locis
1800 2367 2013 2449 dignis
2038 2368 2148 2448 qui
2168 2368 2285 2432 soli
2306 2366 2676 2434 tractentur
2693 2370 2937 2450 loquar.

595 2476 761 2540 Sunt
787 2480 1004 2540 autem
1030 2477 1128 2558 16,
1165 2476 1246 2539 18
1280 2480 1347 2539 et
1371 2477 1474 2558 28,
1497 2475 1738 2539 21.1110
1761 2474 1929 2539 enim
1948 2477 2083 2540 1000
2110 2481 2338 2541 auctor
2360 2478 2726 2559 Homerum,
2752 2497 2938 2557 quem

595 2585 778 2647 modo
811 2583 1158 2665 allegorice
1198 2588 1463 2649 ventum
1501 2585 1849 2646 secundum
1874 2581 2251 2665 appellavit,
2278 2602 2419 2647 011111
2442 2584 2703 2647 furente
2723 2586 2938 2648 Marte

596 2696 663 2753 et
705 2710 846 2755 cum
893 2710 1126 2772 magno
1173 2689 1324 2772 igne
1380 2690 1489 2771 qui
1527 2689 1836 2754 montium
1878 2689 2078 2755 silvas
2117 2687 2252 2753 edit
2290 2696 2637 2771 comparat.
2718 2692 2940 2772 Neque

597 2815 750 2864 vero
799 2797 1343 2879 comparationem
1391 2797 1523 2861 suis
1568 2796 1771 2877 ipsius
1818 2796 2039 2862 verbis
2076 2801 2283 2879 ornat,
2332 2800 2443 2861 sed
2482 2802 2691 2862 totum
2727 2799 2933 2879 locum

597 2922 677 2967 ex
714 2903 921 2969 Iliade
959 2904 1028 2968 in
1065 2904 1302 2969 librum
1341 2923 1523 2968 suum
1562 2904 1899 2986 transfert,
1948 2923 2173 2970 verum
2203 2904 2300 2968 ita
2332 2909 2406 2968 ut
2438 2904 2640 2971 etiam
2670 2905 2937 2970 tertium

595 3029 675 3075 ex
721 3010 928 3075 Iliade
976 3030 1233 3077 versum
1281 3029 1392 3075 suo
1448 3029 1624 3074 more
1679 3013 1941 3091 paulum
1996 3016 2315 3075 mutatum
2373 3014 2574 3075 addat
2631 3031 2753 3091 quo
2809 3014 2938 3075 He-

591 3118 791 3182 ctoris
854 3138 922 3183 03
990 3137 1289 3200 spumare
1355 3118 1610 3183 dicitur.
1723 3120 1954 3198 Itaque
2024 3122 2250 3182 auctor
2313 3120 2665 3182 Homerum
2728 3117 2939 3199 ipsum

586 3224 922 3289 sublimem
978 3225 1205 3290 Iliadis
1260 3228 1314 3289 P
1373 3225 1502 3288 645
1558 3226 1767 3289 locum
1824 3229 2305 3305 componentem
2362 3230 2436 3289 ut
2493 3226 2773 3289 Martem
2831 3227 2937 3292 vel

583 3337 657 3396 ut
702 3331 919 3413 ignem
967 3335 1229 3397 edacem
1277 3333 1496 3396 furere
1545 3336 1612 3395 et
1659 3350 1950 3413 spumam
1998 3330 2066 3395 in
2112 3350 2223 3395 ore
2260 3332 2505 3396 habere
2552 3332 2726 3397 dicit.
2821 3332 2937 3397 Cui

590 3440 727 3503 loco
783 3458 1020 3521 magna
1076 3438 1426 3504 similitudo
1482 3458 1624 3503 cum
1681 3440 1784 3521 28,
1843 3439 1923 3502 21
1986 3442 2099 3502 est.
2192 3439 2357 3502 Nam
2421 3437 2514 3502 ibi
2570 3438 2937 3522 EuripideS,

592 3545 702 3627 qui
747 3551 1030 3611 mentem
1077 3566 1258 3611 suam
1306 3549 1390 3610 ad
1437 3545 1851 3610 altitudinem
1908 3544 2186 3627 duxerit,
2243 3564 2347 3608 res
2404 3545 2709 3610 sublimes
2764 3552 2935 3610 trac-

591 3659 740 3717 tans
789 3673 930 3736 cum
977 3655 1161 3721 leone
1209 3657 1638 3735 comparatur,
1687 3652 1798 3733 qui
1843 3653 2059 3717 latera
2108 3658 2174 3716 et
2219 3653 2431 3717 femur
2470 3655 2676 3717 cauda
2714 3653 2935 3734 flagel-

591 3761 784 3825 lando
831 3780 900 3824 se
957 3764 1040 3825 ad
1086 3780 1370 3842 pugnam
1416 3759 1652 3824 irritet.
1746 3761 1882 3823 Hos
1930 3778 2469 3849 (11100110,νο13113,
2517 3778 2743 3825 verum
2790 3779 2934 3826 ver--

590 3865 691 3930 bis
723 3870 805 3945 ὡς
835 3871 868 3932 ὁ
905 3870 1159 3954 ποιητής
1198 3866 1438 3931 additis
1477 3871 1703 3931 auctor
1742 3886 1822 3931 ex
1860 3868 2139 3931 Homero
2176 3866 2587 3949 deprompsit.
2656 3869 2937 3932 Tantum

587 3975 669 4037 de
717 3974 1321 4054 comparationibus

766 4080 1084 4161 Exposita
1113 4080 1318 4163 igitur
1350 4080 1901 4162 comparationum
1931 4082 2140 4145 forma
2172 4087 2383 4147 restat
2422 4087 2497 4147 ut
2526 4084 2605 4145 de
2640 4083 2936 4163 allego-

589 4185 732 4251 riis
785 4188 1122 4267 loquamur
1177 4194 1244 4252 et
1301 4188 1737 4253 examinemus
1794 4209 1922 4269 qua
1967 4190 2177 4253 1011110
2224 4208 2264 4252 0
2310 4188 2623 4269 scriptore
2668 4188 2936 4252 indutae

587 4294 734 4359 sint.
793 4296 948 4359 Cum
986 4315 1287 4377 magnam
1325 4295 1813 4361 similitudinem
1850 4296 2025 4360 inter
2058 4316 2167 4360 eas
2201 4302 2267 4359 et
2291 4297 2705 4376 metaphoras
2733 4294 2933 4358 inter·
3027 4363 3035 4371 ,

589 4404 816 4465 cedere
849 4422 1060 4484 supra
1106 4402 1472 4486 dixerimus
1526 4422 1709 4467 nemo
1757 4403 2104 4468 mirabitur
2150 4405 2317 4483 quod
2366 4408 2589 4468 auctor
2634 4420 2936 4483 magnum

3353 2246 3409 2497 ΔΛι-,ῌ
3406 2058 3408 2089 ii
