3417 5059
702 1181 786 1259 In
835 1212 1104 1258 numero
1165 1192 1479 1257 librorum
1533 1192 1643 1272 qui
1695 1194 1780 1257 ab
1820 1192 2109 1277 antiquis
2158 1192 2299 1257 sine
2352 1192 2719 1258 nominibus
2758 1211 2875 1257 au-

533 1307 787 1367 ctorum
835 1300 1022 1365 nobis
1081 1298 1312 1363 traditi
1370 1304 1541 1379 sunt,
1610 1298 1719 1363 ille
1782 1318 2029 1363 summa
2087 1299 2282 1363 laude
2332 1303 2433 1363 est
2482 1298 2717 1381 dignus
2766 1299 2877 1383 qui

527 1412 761 1473 contra
795 1404 1144 1471 Caecilium
1177 1406 1505 1470 rhetorem
1537 1406 1617 1469 de
1657 1404 2061 1470 sublimitate
2101 1404 2388 1485 scriptus
2427 1408 2546 1476 est.
2616 1404 2695 1469 In
2735 1403 2875 1469 eius

525 1514 728 1602 libelli
787 1518 1059 1578 auctore
1121 1513 1380 1577 nescias
1443 1511 1596 1591 quid
1644 1510 1853 1594 magis
1903 1510 2244 1589 admirere,
2309 1529 2581 1575 acumen
2629 1509 2876 1591 ingenii

528 1620 702 1700 quod
764 1620 834 1684 in
891 1618 1296 1699 explicandis
1358 1618 1642 1697 quinque
1701 1616 2139 1709 sublimitatis
2180 1616 2397 1682 causis
2445 1620 2743 1697 praestet
2790 1635 2877 1681 an

528 1727 966 1806 exemplorum
1013 1744 1182 1805 quae
1229 1726 1312 1789 ad
1337 1724 1727 1789 sententias
1765 1689 2235 1789 finfi'ati'fss'sff‘drt
2282 1722 2709 1788 illustrandas
2758 1723 2877 1787 ad-

527 1833 705 1897 ferat
735 1832 1056 1897 delectum
1091 1830 1577 1911 sollertiamque
1608 1829 1946 1895 iudicandi
1984 1848 2175 1909 quam
2212 1828 2281 1894 in
2320 1828 2449 1894 illis
2483 1828 2874 1909 scriptorum

525 1938 687 2003 locis
733 1937 1106 2002 tractandis
1153 1936 1482 2002 adhibeat.

705 2044 845 2108 Iam
894 2044 1123 2126 negari
1171 2042 1428 2123 quidem
1475 2062 1606 2108 non
1655 2047 1877 2123 potest
1934 2042 2045 2123 qui
2092 2041 2399 2129 sublimes
2457 2042 2535 2105 de
2584 2039 2913 2107 sublimi—'

529 2155 671 2215 tate
734 2148 1103 2214 sententias
1171 2148 1474 2229 proferat
1523 2149 1799 2213 eundem
1848 2148 2105 2213 sublimi
2140 2147 2451 2212 *oratione
2500 2167 2613 2213 eas
2661 2148 2875 2228 expri-

529 2276 704 2321 mere
751 2247 1020 2321 necesse
1068 2275 1200 2320 non
1248 2274 1425 2335 esse3
1489 2260 1729 2335 tamen,
1795 2258 2147 2334 antequam
2209 2255 2557 2333 probatum
2606 2253 2693 2319 sit
2740 2273 2874 2318 rem

528 2362 722 2427 aliter
779 2380 849 2427 se
910 2362 1170 2442 habere,
1234 2380 1362 2427 non
1427 2368 1530 2426 est
1585 2362 1756 2441 quod
1815 2361 1895 2425 de
1952 2360 2107 2425 talis
2164 2359 2455 2425 auctoris
2519 2360 2873 2425 artificioso

530 2487 769 2551 genere
809 2468 1068 2534 dicendi
1113 2468 1502 2549 dubitemus,
1553 2467 1744 2531 immo
1793 2467 1858 2531 in
1909 2485 2051 2532 eam
2092 2466 2489 2532 sententiam
2528 2465 2726 2531 facile
2773 2466 2873 2530 in-

527 2576 821 2640 ducimur
885 2580 959 2639 ut
1024 2580 1327 2655 putemus
1393 2578 1725 2639 auctorem
1798 2573 1953 2638 talis
2022 2573 2224 2638 libelli
2288 2573 2499 2653 ipsum
2566 2572 2873 2638 sublimes

528 2681 894 2746 sententias
967 2681 1188 2747 verbis
1260 2680 1641 2745 sublimibus
1712 2679 2117 2761 expressisse
2180 2684 2377 2759 atque
2445 2679 2589 2759 ipso
2654 2678 2872 2743 libello

525 2788 888 2868 exemplum
949 2786 1372 2851 sublimitatis
1432 2786 1816 2867 prodidisse.
1914 2786 2097 2867 Quae
2158 2770 2301 2850 cum
2361 2785 2458 2850 ita
2521 2784 2673 2863 sint,
2742 2804 2873 2850 non

524 2893 806 2958 alienum
851 2893 1116 2959 videtur
1163 2910 1480 2973 quaerere
1528 2912 1676 2957 num
1727 2892 1994 2975 ignotus
2040 2892 2147 2957 ille
2197 2891 2481 2972 scriptor
2515 2890 2717 2956 libelli
2763 2891 2874 2972 qui

526 3004 628 3064 est
675 3000 754 3064 de
802 2998 1204 3065 sublimitate
1252 3003 1608 3080 praecepta
1659 3016 1835 3079 quae
1896 3000 1974 3063 de
2024 2997 2281 3063 sublimi
2328 3015 2567 3080 genere
2616 2997 2873 3063 dicendi

527 3106 708 3170 dedit
754 3106 898 3186 ipso
945 3105 1113 3171 libro
1164 3111 1430 3171 secutus
1479 3105 1583 3171 sit.

705 3212 915 3293 Quam
980 3211 1428 3292 quaestionem
1503 3210 1743 3292 optime
1808 3211 1906 3276 ita
1968 3210 2387 3276 instituemus
2454 3216 2527 3275 ut
2597 3210 2872 3291 primum

529 3316 951 3396 anquiramus
1017 3336 1166 3382 num
1239 3318 1524 3398 scriptor
1597 3318 1879 3382 animum
1953 3337 2139 3383 suum
2208 3320 2292 3383 ad
2357 3316 2871 3400 magnitudinem

527 3421 925 3503 provexerit,
989 3422 1221 3487 deinde
1279 3424 1534 3503 qualem
1581 3423 1916 3489 adfectum
1962 3424 2139 3489 inter
2188 3424 2601 3489 scribendum
2650 3428 2870 3487 osten-

527 3528 718 3606 derit,
782 3533 921 3592 tum
982 3528 1217 3608 quibus
1277 3529 1504 3612 figuris
1566 3533 1632 3593 et
1680 3532 2027 3595 verborum
2081 3536 2147 3595 et
2195 3528 2673 3594 sententiarum
2723 3548 2871 3593 ora-

527 3634 768 3699 tionem
837 3634 1292 3715 exornaverit,
1374 3640 1525 3715 post
1591 3654 1720 3716 qua
1786 3634 2046 3699 ratione
2112 3635 2542 3700 elocutionem
2607 3634 2871 3717 dignam

526 3740 902 3814 reddiderit,
954 3740 1232 3820 denique
1279 3741 1512 3822 quibus
1553 3742 2043 3822 compositionis
2092 3740 2320 3806 formis
2368 3759 2526 3805 usus
2574 3740 2677 3806 sit.
2770 3740 2871 3805 Eo

526 3846 694 3911 enim
745 3846 971 3912 ordine
1010 3846 1294 3927 scriptor
1340 3854 1697 3928 praecepta
1746 3850 1827 3913 de
1876 3847 2276 3913 sublimitate
2318 3849 2433 3912 dat
2472 3845 2682 3931 (VIII,
2727 3847 2871 3933 1).1)

527 3953 670 4035 Qua
729 3952 799 4017 in
858 3972 929 4017 re
977 3955 1331 4019 tractanda
1378 3952 1868 4020 dissertationis
1924 3954 2086 4018 fines
2135 3954 2462 4019 nonnullis
2509 3952 2670 4019 locis
2718 3972 2870 4035 pro-

527 4058 830 4140 feremUS,
883 4060 1117 4139 quibus
1165 4061 1590 4125 statuendum
1628 4060 1755 4125 erit
1804 4064 2136 4125 auctorem
2176 4065 2533 4141 praecepta
2582 4060 2870 4125 sublimi-

526 4163 688 4229 tatis
729 4170 1020 4230 secutum
1061 4184 1206 4232 esse
1246 4185 1434 4248 quae,
1477 4186 1619 4231 cum
1661 4167 1921 4250 singula
1960 4168 2230 4249 quaevis
2268 4184 2614 4232 recensere
2644 4166 2867 4247 nollet,

523 4270 666 4352 ipse
713 4290 844 4335 non
893 4272 1185 4339 tradidit.

853 4406 950 4413 -—-.

709 4464 744 4533 ¹)
798 4464 1022 4518 Talibus
1059 4482 1404 4521 numerorum
1443 4468 1616 4537 signis
1655 4469 1837 4536 capita
1876 4474 1931 4522 et
1967 4468 2295 4537 paragraphi
2332 4468 2507 4521 libelli
2544 4467 2869 4521 indicantur.

1237 4754 1260 4796 ¹
1309 4748 1350 4764 ¹¹¹⁹
1386 4746 1417 4761 ¹*
1449 4736 1648 4773 ιῐὺῖδῖ
