3417 5059
1511 340 1953 403 —60—

739 534 986 618 Quibus
1033 536 1226 600 rebus
1265 534 1589 617 expositiS,
1623 540 1972 615 antequam
2006 537 2089 599 ad
2120 534 2413 614 quintam
2444 534 2645 599 totius
2676 533 2907 599 disser-

561 643 828 707 tationis
883 648 1137 724 partem
1193 642 1591 724 progrediar,
1649 644 1729 707 de
1785 643 2033 707 duabus
2090 644 2281 707 rebus
2341 642 2539 706 etiam
2594 641 2910 706 disserere

560 750 717 815 1111111
763 750 977 833 liceat,
1036 768 1220 832 quae,
1269 768 1656 830 quamquam
1703 768 1910 829 neque
1957 749 2025 813 in
2070 749 2294 831 figuris
2341 768 2548 829 neque
2593 748 2662 813 in
2710 748 2911 829 tropis

561 859 999 922 numerandae
1072 861 1238 939 sunt,
1317 861 1535 919 tamen
1608 855 1855 936 aliquid
1920 858 2001 921 ad
2066 856 2531 921 sublimitatem
2601 854 2911 921 orationis

562 966 924 1047 augendam
973 963 1232 1028 adferre
1278 968 1558 1044 possunt.
1636 965 1899 1054 Loquar
1931 962 2099 1027 enim
2132 966 2210 1027 de
2242 963 2495 1028 ratione
2528 984 2655 1044 qua
2686 967 2912 1028 auctor

561 1070 920 1137 sententias
975 1070 1276 1136 universe
1334 1070 1540 1135 dictas
1597 1070 1873 1134 orationi
1929 1070 2279 1135 inseruerit
2332 1076 2398 1135 et
2444 1070 2713 1154 aliorum
2762 1089 2909 1134 auc-

563 1184 774 1244 torum
819 1181 988 1245 locos
1037 1178 1352 1243 attulerit.

739 1288 836 1352 Ac
873 1286 1147 1367 primum
1177 1285 1449 1366 quidem,
1484 1304 1624 1349 cum
1658 1284 1797 1349 sine
1830 1285 2021 1349 dubio
2064 1286 2511 1350 sententiae
2547 1285 2911 1351 universe

561 1394 820 1459 dictae
868 1396 951 1458 ad
997 1392 1462 1457 sublimitatem
1511 1391 1789 1456 orationi
1837 1391 2357 1457 circumdandam
2404 1393 2689 1475 valeant,
2755 1412 2909 1457 non-

560 1503 741 1566 nulla
787 1495 1018 1565 talium
1065 1498 1554 1581 sententiarum,
1603 1517 1765 1579 quas
1812 1503 2039 1563 auctor
2086 1499 2517 1579 compluribus
2563 1499 2719 1563 locis
2766 1519 2908 1564 ora-

560 1608 721 1673 tioni
753 1606 1049 1685 inseruit,
1086 1608 1381 1687 exempla
1413 1606 1811 1670 adferamus:
1859 1606 1919 1688 9,
1956 1607 1991 1669 7
2027 1604 2133 1692 ἀφ’
2168 1606 2253 1672 ὧν
2290 1612 2410 1693 γὰρ
2458 1610 2600 1693 ἡμῖν
2634 1609 2909 1692 τάγαθά,

560 1720 784 1804 σχεδὸν
831 1714 938 1782 ἀπ’
985 1719 1188 1781 αὐτῶν
1236 1716 1468 1780 τούτων
1515 1718 1620 1779 καὶ
1668 1718 1746 1778 τὰ
1793 1718 1964 1778 κακὰ
2010 1716 2333 1799 γεννᾶσθα
2380 1716 2559 1799 φιλεῖ.
2678 1714 2777 1795 12,
2830 1715 2910 1777 12

561 1827 715 1910 ὕψος
791 1824 1334 1909 μεγαλοφροσύνης
1409 1823 1733 1907 ἀπήχημα.
1847 1820 1952 1900 33,
2026 1822 2107 1884 13
2189 1818 2529 1905 [διδάσκων
2600 1819 2715 1905 ὅτι]
2793 1825 2911 1887 κάν

564 1932 952 2021 βακχεύμασι
1014 1930 1224 2015 νήφειν
1286 1932 1640 2016 ἀναγκαῖον.
1752 1928 1857 2008 39,
1910 1928 1993 1990 24
2055 1926 2213 2012 [ἐπεί
2272 1926 2389 2013 τοι]
2460 1933 2529 1994 τὸ
2594 1942 2914 2014 πανταχοῦ

562 2038 858 2115 κώδωνας
915 2038 1184 2123 ἐξῆφθαι
1242 2037 1378 2101 λίαν
1440 2038 1814 2121 σοφιστικόν.
1921 2035 2025 2114 44,
2078 2034 2162 2097 20
2224 2046 2353 2121 φῶς
2415 2032 2581 2120 [γὰρ]
2641 2046 2727 2121 τῷ
2792 2040 2914 2100 ὄντι

563 2148 716 2211 ἰ’διον
762 2156 869 2209 τοῦ
919 2156 1023 2211 νοῦ
1070 2148 1148 2208 τὰ
1193 2146 1362 2208 καλὰ
1409 2145 1698 2228 ὀνόματα.
1796 2142 1900 2223 49,
1937 2143 1976 2205 8
2027 2140 2156 2227 [καί
2202 2140 2348 2228 γὰρ]
2397 2144 2430 2206 ὁ
2461 2142 2660 2227 γέλως
2706 2144 2915 2219 πάθος

566 2254 630 2317 ἐν
675 2254 885 2337 ἡδονῇ.
991 2249 1096 2330 51,
1151 2251 1184 2312 1
1251 2248 1401 2335 [ἐγὼ
1449 2248 1502 2315 δ’
1551 2248 1686 2315 οἶδα
1735 2252 1863 2335 μὲν,
1924 2246 2031 2334 ὡς]
2094 2251 2156 2313 αἱ
2216 2250 2917 2361 ὑπερμεγέθειςιφὺσεις

563 2363 788 2444 ἥκιστα
826 2358 1125 2443 καθαραί.
1205 2357 1310 2434 51,
1348 2356 1386 2418 2
1434 2361 1503 2421 τὸ
1537 2354 1701 2442 [γὰρ]
1754 2358 1816 2422 ἐν
1865 2360 2041 2423 παντὶ
2090 2357 2337 2441 ἀκριβὲς
2383 2356 2659 2432 κίνδυνος
2708 2358 2916 2441 μικρὸ-

563 2489 761 2553 τητος.
873 2465 980 2542 57,
1048 2464 1089 2528 5
1156 2466 1332 2550 φύσει
1393 2461 1508 2548 [δὲ]
1567 2466 1819 2549 λογικὸν
1876 2466 1908 2529 ὁ
1965 2466 2319 2549 ἄνθ-ρωπος.
2433 2462 2537 2543 67,
2601 2463 2682 2527 14
2750 2464 2913 2549 ῥᾴδι-

565 2560 632 2640 ον
683 2571 724 2659 [,
770 2610 856 2617 --
914 2571 963 2637 ὦ
1021 2569 1342 2659 βὲλτιστε,]
1399 2574 1506 2636 καὶ
1551 2574 1702 2636 ἴδιον
1751 2572 2089 2656 ἀνθρώπου
2138 2575 2206 2635 τὸ
2255 2571 2779 2656 καταμέμφεσθαι
2840 2574 2918 2635 τὰ

565 2684 660 2747 ἀεὶ
707 2683 1000 2767 παρόντα.

744 2786 884 2870 Qui
915 2805 1218 2851 numerus
1265 2785 1738 2855 sententiarum
1786 2784 2087 2851 universe
2135 2785 2457 2849 dictarum
2503 2784 2783 2849 fortasse
2832 2785 2914 2849 ab

567 2895 780 2975 aliquo
828 2897 1125 2976 augetur,
1174 2913 1316 2957 cum
1362 2912 1489 2957 non
1535 2911 1788 2973 semper
1835 2891 1974 2956 sine
2031 2892 2163 2955 ulla
2220 2891 2627 2956 dubitatione
2684 2890 2912 2956 diiudi-

567 3000 703 3067 cari
769 3000 987 3083 possit,
1054 3005 1272 3065 utrum
1328 2999 1694 3064 sententiae
1751 3018 2011 3080 prorsus
2076 2998 2379 3065 universe
2435 3000 2731 3079 prolatae
2786 2997 2917 3062 sint

569 3128 655 3173 an
710 3111 792 3173 ad
849 3109 1050 3172 solum
1105 3108 1312 3171 locum
1369 3111 1665 3188 spectent
1709 3125 1845 3186 -quo
1902 3110 2180 3170 exstant.
2290 3106 2416 3170 Sed
2474 3109 2625 3170 utut
2690 3124 2793 3169 res
2849 3124 2917 3169 se

568 3216 786 3299 habet,
843 3214 1044 3279 etiam
1091 3233 1170 3278 ex
1195 3204 1348 3278 'illis
1394 3213 1616 3294 paucis
1665 3212 1975 3293 exemplis
2013 3212 2291 3276 rhetoris
2330 3231 2439 3277 ars
2476 3212 2739 3279 videtur
2786 3214 2918 3276 elu-

575 3341 736 3406 cere,
785 3322 894 3402 qui
942 3321 1298 3385 orationem
1345 3320 1548 3387 variis
1595 3320 1860 3385 floribus
1908 3320 2357 3401 consperserit.

745 3430 986 3509 Neque·
1027 3447 1183 3495 vero
1238 3428 1305 3491 111
1363 3447 1440 3492 ea
1496 3429 1631 3492 sola
1690 3446 1761 3491 re
1818 3427 2183 3491 sublimitas
2240 3430 2557 3507 quaedam
2614 3427 2919 3510 cernitur,

577 3555 804 3603 verum
852 3536 1049 3600 etia'm
1096 3535 1164 3599 in
1218 3536 1426 3599 forma
1482 3555 1608 3615 qua
1665 3534 2031 3599 sententiae
2085 3534 2155 3599 in
2213 3539 2519 3599 contextu
2576 3535 2922 3601 verborum

569 3644 821 3727 positae
869 3648 1037 3709 sunt.
1130 3644 1298 3708 Nam
1347 3662 1488 3708 cum
1543 3642 1698 3706 illae
1756 3642 2122 3707 sententiae
2178 3643 2515 3707 absolutae
2571 3641 2921 3711 brevitate,

571 3771 737 3833 quae
785 3750 1028 3816 talibus
1075 3748 1416 3814 sententiis
1464 3749 1704 3831 optime
1753 3749 2066 3832 congruit,
2114 3748 2401 3830 insignes
2448 3748 2597 3831 sint,
2653 3748 2721 3813 id
2768 3768 2919 3829 quo-

557 3874 695 3940 que
752 3858 1016 3925 videtur
1071 3856 1344 3922 sublime
1401 3876 1556 3939 esse,
1615 3860 1784 3937 quod
1840 3856 1909 3920 in
1964 3856 2045 3919 iis
2101 3855 2343 3920 oraculi
2401 3855 2613 3919 instar
2668 3876 2923 3937 semper

570 3969 737 4032 ἐστὶν
783 3964 1126 4029 omittitur.
1143 3964 1195 4049 1)

749 4074 956 4156 Quam
1003 4072 1321 4137 rationem
1367 4072 1554 4138 verbi
1602 4070 2000 4138 substantivi
2048 4074 2215 4151 quod
2263 4075 2536 4136 vocatur
2584 4069 2923 4134 omittendi

572 4185 798 4245 auctor
845 4184 1187 4261 tantopere
1235 4185 1428 4263 amat,
1477 4184 1552 4245 ut
1598 4179 1665 4243 in
1714 4200 1968 4260 quaque
2005 4180 2144 4242 fere
2181 4177 2387 4242 libelli
2424 4177 2667 4259 pagina
2707 4196 2921 4241 exem-

752 4322 788 4391 ¹)
831 4322 1124 4387 Utramque
1169 4337 1284 4374 rem
1329 4322 1398 4374 ad
1437 4322 1741 4374 sententias
1778 4320 2064 4373 absolutas
2103 4335 2238 4385 quae
2289 4319 2347 4371 in
2386 4317 2681 4371 Democriti
2730 4318 2923 4371 ethicis

575 4416 796 4465 exstant
833 4410 1108 4478 pertinere
1145 4410 1355 4465 Birtius
1383 4409 1626 4464 ostendit
1665 4411 1720 4479 (1.
1761 4412 1796 4462 l.
1819 4426 1886 4476 .p.
1929 4410 2070 4477 181).
