3417 5059
1659 352 2103 414 -64-

888 547 1104 612 Aliam
1151 546 1474 612 rationem
1521 545 1757 612 auctor
1800 546 1868 610 in
1902 545 2155 611 duobus
2204 546 2471 627 reliquis
2517 546 2678 611 locis
2709 545 3054 610 laudandis

711 661 976 719 secutus
1025 661 1142 719 est.
1236 655 1488 734 Itaque,
1539 660 1888 734 postquam
1936 653 2206 718 Homeri
2253 653 2720 719 Demosthenis
2752 652 3053 720 Platonis

711 780 966 827 errores
1025 761 1107 826 iis
1169 780 1337 841 quae
1392 762 1556 825 bene
1614 760 2038 841 scripsissent
2099 762 2294 842 longe
2342 760 2644 841 superari
2691 758 3051 837 contendit,

710 888 958 933 omnem
1009 868 1468 948 posteritatem
1536 868 1619 931 ad
1669 886 1781 931 eos
1830 866 2151 932 victoriae
2201 867 2496 948 praemia
2543 867 2877 947 detulisse,
2943 868 3053 931 de—

709 976 849 1039 lata
909 974 1171 1056 integra
1234 993 1502 1040 servare
1569 992 1644 1038 ac
1703 982 2117 1040 servaturam
2180 993 2325 1039 esse
2390 974 2551 1039 dicit
2598 974 2722 1041 ἔστ’
2772 979 2844 1041 ἂν
2892 978 3055 1060 ὕδωρ

707 1107 773 1149 τε
826 1084 932 1169 ῥέῃ
989 1086 1094 1147 καὶ
1142 1084 1394 1168 δένδρεα
1443 1088 1652 1169 μακρὰ
1714 1084 1955 1169 τεθήλῃ
2022 1082 2149 1171 (57,
2192 1084 2269 1165 1).
2380 1082 2585 1163 Quem
2650 1065 2930 1147 versum·
2981 1087 3054 1146 ut

710 1189 1008 1255 omnibus
1055 1195 1281 1252 notum
1330 1188 1470 1253 sine
1519 1188 1652 1253 ulla
1699 1188 2188 1253 introductione
2236 1188 2441 1269 ponit.
2549 1189 2655 1253 Ex
2712 1207 2786 1253 eo
2836 1194 3054 1252 autem

709 1303 980 1377 quattor
1047 1315 1354 1361 versuum
1421 1296 1892 1377 epigrammate
1956 1298 2381 1377 depromptus
2449 1302 2570 1375 est,
2642 1297 2813 1375 quod
2880 1297 3053 1375 apud

707 1404 1054 1469 Platonem
1099 1402 1166 1467 in
1207 1403 1508 1467 Phaedro
1558 1423 1618 1483 p.
1652 1404 1781 1466 264
1797 1403 1845 1466 C
1892 1402 1956 1467 in
1992 1402 2233 1467 Midam
2270 1403 2589 1484 scriptum
2635 1422 2780 1468 esse
2820 1404 3053 1469 Socra-

709 1518 810 1576 tes
868 1510 1028 1576 dicit
1085 1510 1446 1593 (Herselius
1495 1529 1554 1589 p.
1589 1509 1673 1594 6).
1790 1510 1896 1574 Illi
1945 1510 2093 1574 ‚loco
2155 1511 2256 1591 16,
2301 1512 2377 1574 18
2426 1510 2853 1589 adnectimuS‚
2913 1510 3053 1590 qui-

707 1620 832 1683 bus
891 1624 1124 1683 auctor
1182 1618 1535 1682 Homerum
1605 1617 1828 1681 eodem
1892 1618 2080 1681 modo
2150 1638 2287 1697 quo·
2336 1620 2618 1682 Martem
2674 1618 2780 1683 vel
2839 1616 3054 1699 ignem

709 1725 931 1790 furere
978 1724 1158 1802 dicit,
1211 1742 1354 1789 cum
1404 1744 1482 1788 ex
1528 1723 1735 1804 ipsius
1782 1724 2052 1789 Homeri
2094 1724 2300 1789 Iliade
2343 1743 2574 1789 versus
2601 1725 2655 1790 O
2706 1724 2911 1789 605—
2927 1724 3054 1789 607

709 1852 918 1913 parva
981 1830 1346 1896 mutatione
1422 1830 1606 1895 facta
1681 1830 1921 1897 adfert.
2047 1832 2413 1917 (Herselius
2489 1852 2549 1913 p.
2619 1833 2729 1896 17:
2828 1830 3055 1913 ‘Quam

709 1946 984 2020 propter
1015 1937 1346 2004 licentiam
1393 1938 1458 2002 in
1511 1938 1778 2003 citando
1828 1943 2154 2018 sumptam
2194 1958 2327 2003 non
2358 1938 2899 2019 vituperabimus,
2942 1940 3054 2003 sed

709 2046 1119 2111 laudabimus
1181 2047 1509 2110 rhetorem
1576 2045 1864 2110 orationi
1932 2065 2091 2109 suae
2157 2045 2434 2110 nitorem
2483 2046 3057 2126 circumdanten·1⁷.)

707 2153 858 2219 Alio
923 2155 1112 2218 modo
1163 2154 1266 2234 28,
1311 2154 1393 2217 22
1442 2152 1715 2217 Homeri
1772 2154 1978 2219 verba
2036 2152 2345 2217 citantur.
2446 2152 2549 2217 Ibi
2608 2159 2843 2217 auctor
2900 2152 3058 2216 dicit

708 2260 1091 2341 Euripidem
1158 2260 1490 2342 ingenium
1557 2279 1746 2325 suum
1811 2265 2056 2324 natura
2110 2278 2241 2350 non
2306 2261 2547 2324 celsum
2608 2259 3057 2325 vehementius

711 2367 1095 2433 reddidisse.
1178 2368 1384 2450 Quam
1433 2366 1912 2431 vehementiam
1960 2366 2260 2432 versibus
2311 2366 2676 2432 Homericis
2726 2386 2805 2430 ex
2852 2366 3059 2431 Iliade

709 2476 792 2557 (Y
845 2472 1156 2556 170l171)
1207 2473 1610 2555 depromptis
1659 2473 2013 2555 depingere
2062 2474 2304 2551 studet,
2356 2474 2591 2554 quibus
2640 2476 2845 2539 verba
2893 2478 2975 2553 ὡς
3026 2478 3058 2539 ὁ

709 2585 963 2670 ποιητής
995 2581 1380 2662 praemittit.
1421 2581 1521 2647 Eo
1548 2587 1768 2646 autem
1801 2581 1941 2646 loco
1974 2580 2633 2662 Pseudo-Longinum
2670 2586 2935 2646 servato
2970 2584 3055 2663 δέ,

711 2691 882 2769 quod
910 2688 1287 2779 ‘sententiae
1319 2694 1668 2770 repugnat,
1709 2688 1961 2752 hiatum
1992 2688 2206 2753 vitare
2238 2687 2579 2752 Herselius
2613 2707 2672 2767 p.
2702 2689 2782 2752 18
2814 2696 3053 2753 monet.

888 2797 1190 2861 Ceterum
1248 2796 1372 2859 hac
1420 2795 1487 2858 in
1550 2813 1621 2858 re
1680 2794 1890 2875 ipsius
1950 2794 2528 2876 Pseudo-Longini
2590 2814 2711 2875 ope
2773 2802 3053 2876 utamur,

709 2902 821 2983 qui
853 2905 957 2981 28,
1002 2905 1037 2967 7
1089 2904 1381 2989 ἔκπληξιν
1417 2901 1556 2967 Sive
1603 2905 1921 2989 ἐνάργειαν
1954 2903 2248 2983 postulat
2290 2905 2428 2979 (οὐκ
2461 2907 2534 2968 ἂν
2567 2905 2755 2967 λάθοι
2787 2926 2875 2984 σε,
2927 2901 3055 2965 οὐδ’

710 3016 798 3076 ὅτι
855 3024 962 3096 τῆς
1020 3014 1126 3097 μὲν
1185 3014 1248 3075 ἐν
1304 3012 1544 3094 ποιήσει
1604 3007 1987 3095 [φαντασίας]
2044 3012 2219 3087 τέλος
2275 3012 2437 3095 Ιἐστὶν
2483 3010 2787 3095 ἔκπληξις,
2845 3020 2952 3094 τῆς
3000 3006 3052 3073 δ’

709 3121 773 3183 ἐν
821 3121 1026 3204 λόγοις
1090 3119 1393 3203 ἐνάργεια,
1454 3120 1793 3202 ἀμφότεραι
1853 3116 1905 3181 δ’
1964 3121 2126 3203 ὅμως
2185 3119 2253 3181 τὸ
2301 3116 2786 3201 τε*ἐπιζητοῠσι
2832 3118 2938 3178 καὶ
2985 3119 3055 3179 τὸ

709 3222 1286 3311 συγκεκινημένον);
1366 3221 1474 3303 (cf.
1525 3224 1584 3303 2,
1628 3224 1764 3302 2Ο);
1815 3230 2169 3302 propterea
2216 3240 2425 3286 sermo
2476 3220 2835 3286 subitarius
2884 3239 3058 3283 ama-

710 3337 835 3395 tur.
950 3330 1128 3394 Idem
1195 3331 1300 3411 41,
1340 3330 1418 3393 17
1491 3329 1722 3393 laudat
1786 3329 1851 3392 in
1924 3329 2207 3393 Homero
2275 3330 2447 3409 quod
2516 3330 2591 3405 O,
2642 3327 2772 3392 348
2840 3325 3057 3391 subito

707 3437 1018 3503 Hectoris
1049 3438 1255 3503 verba
1300 3436 1524 3501 intulit
1573 3436 1712 3500 sine
1762 3440 1972 3523 ἔλεγεν
2012 3439 2107 3515 δέ;
2160 3437 2281 3500 1106
2318 3436 2531 3515 ipsum
2574 3442 2677 3499 est
2712 3453 2829 3498 cur
2861 3432 3058 3498 etiam

710 3546 935 3609 rhetor
975 3551 1342 3609 -auctorum
1400 3545 1604 3609 verba
1661 3542 1880 3609 subito
1939 3542 2125 3606 inicit
2188 3550 2255 3606 et
2314 3544 2415 3619 28,
2458 3543 2500 3605 9
2550 3548 2615 3606 61
2678 3544 2783 3622 34,
2826 3542 2910 3605 26
2972 3540 3054 3605 al.

709 3652 878 3733 Quin
938 3652 1136 3717 etiam
1185 3651 1291 3730 57,
1334 3654 1361 3715 l
1429 3652 1798 3732 asyndeton
1861 3650 2196 3730 praetulit,
2263 3670 2343 3713 ne
2392 3657 2628 3730 poetae
2675 3650 2879 3714 verba
2926 3648 3056 3709 lae-

707 3760 912 3825 deret.

884 3866 989 3930 Ex
1037 3866 1261 3933 eodem
1308 3864 1634 3946 inopinati
1682 3864 1900 3929 studio
1950 3864 2147 3928 etiam
2196 3865 2387 3945 plura
2433 3850 2927 3944 intelleguntur,
2985 3860 3051 3924 in

709 3973 942 4053 quibus
987 3972 1318 4037 immorari
1363 3991 1493 4037 non
1544 3991 1821 4052 possum,
1880 3972 2063 4052 velut
2120 3990 2318 4051 saepe
2364 3970 2709 4052 genetivus
2766 3988 2845 4033 ex
2904 3970 3053 4032 sub-

709 4081 1002 4146 stantivo
1051 4098 1408 4160 suspensus
1458 4079 1607 4145 huic
1665 4078 2083 4144 substantivo
2133 4077 2601 4158 praemittitur,
2651 4076 2807 4139 item
2854 4093 3053 4157 gene-

707 4188 884 4253 tivus
923 4186 1434 4267 comparationis
1474 4187 1557 4268 (9,
1594 4187 1676 4249 27
1723 4197 1845 4251 τῶν
1893 4188 2161 4272 ἐχόντων
2210 4190 2367 4249 αὐτὰ
2414 4188 2650 4271 μᾶλλον
2697 4190 2837 4260 τοὺς
2876 4186 3052 4248 δυνα-

710 4298 924 4381 μένους
957 4300 1150 4382 ἕχεινς
1189 4295 1302 4375 45,
1342 4296 1422 4359 12
1463 4298 1625 4359 ἔστιν
1663 4292 1761 4379 ἄρ’
1788 4295 1820 4357 ὁ
1861 4296 2203 4378 ἰδιωτισμὸς
2236 4293 2425 4359 ἐνίοτε
2468 4304 2575 4358 τοῦ
2609 4294 2847 4377 κόσμου
2886 4294 3055 4375 παρὰ

708 4404 867 4467 πολὺ
916 4402 1507 4488 ἐμφανιστικώτερον
1557 4399 1685 4483 al.).
