3417 5059
1528 411 1928 472 ,7.-

549 608 848 669 oratores
907 605 1346 685 persuadendi
1409 610 1478 669 et
1525 604 1783 685 publice
1832 602 2089 668 dicendi
2136 603 2333 683 periti
2382 622 2591 683 neque
2640 610 2895 686 argute,

547 715 760 786 acute,
823 710 1102 776 iucunde
1157 710 1466 790 loquendi
1525 710 1744 793 ignari
1790 708 2187 790 exstiterint,
2240 709 2531 775 sublimis
2580 728 2736 776 vero
2787 728 2897 775 ex—

547 817 887 896 celsusque
947 834 1152 881 nemo,
1243 818 1396 881 Mea
1453 816 1788 898 sententia
1846 815 1955 880 ille
2003 816 2429 897 philosophus
2475 816 2618 897 ipse
2666 820 2900 881 auctor

547 927 650 987 est
710 923 830 986 sub
893 922 1161 1001 eiusque
1221 940 1506 1003 persona
1566 922 1898 987 nobiscum
1951 922 2385 987 communicat
2432 922 2587 1003 quid
2634 924 2714 987 de
2762 924 2898 988 suis

545 1027 950 1108 temporibus
1013 1028 1276 1093 sentiat.
1373 1030 1609 1109 Itaque
1671 1028 2039 1093 sententias
2101 1048 2264 1108 quas
2322 1036 2555 1094 auctor
2611 1028 2897 1109 philoso-

545 1136 743 1215 phum
799 1134 1331 1215 pronuntiantem
1391 1134 1558 1201 facit
1612 1134 1740 1215 ipsi
1798 1133 2111 1212 attribu0‚
2174 1135 2415 1215 quippe
2461 1135 2573 1216 qui
2618 1136 2898 1216 impera-

546 1246 762 1305 torum
803 1242 1241 1306 Romanorum
1293 1243 1414 1306 sub
1463 1241 1803 1306 dominatu
1840 1239 2177 1320 antiquam
2215 1242 2589 1306 libertatem
2624 1243 2899 1307 laudare

549 1366 750 1412 ausus
797 1366 928 1412 non
981 1346 1082 1412 sit.
1173 1347 1612 1428 Philosophus
1652 1355 1873 1412 autem
1920 1366 2001 1411 ex
2049 1353 2320 1412 auctore
2368 1348 2645 1427 quaerit,
2696 1348 2897 1413 maio-

547 1472 737 1518 resne
800 1453 1048 1519 liberae
1112 1454 1207 1519 rei
1272 1454 1575 1535 publicae
1645 1452 2047 1533 temporibus
2120 1458 2419 1518 oratores
2486 1454 2895 1533 exstiterint,

547 1578 820 1639 quorum
879 1579 1086 1642 genus
1143 1566 1294 1640 post
1350 1559 1681 1625 libertatis
1737 1558 2077 1624 interitum
2134 1560 2531 1625 exstinctum
2589 1560 2692 1625 sit.
2783 1561 2898 1625 Li—

548 1668 770 1731 beram
835 1685 972 1731 rem
1032 1666 1359 1747 publicam
1426 1666 1801 1731 oratoribus
1864 1684 2152 1730 summae
2199 1665 2477 1731 utilitati
2524 1666 2685 1731 dicit
2732 1686 2895 1747 esse,

547 1772 699 1852 quia
766 1773 1078 1837 libertate
1151 1772 1271 1837 alti
1337 1792 1568 1837 sensns
1635 1773 1903 1837 alantur
1972 1776 2172 1851 atque
2240 1774 2324 1837 ad
2396 1772 2898 1838 aemulationem

545 1878 820 1943 aliorum
881 1879 1268 1943 excitentur.
1363 1880 1507 1943 Hoc
1567 1878 1773 1961 igitur
1826 1878 1969 1942 1060
2027 1878 2311 1959 scriptor
2365 1879 2777 1944 laudatorem
2825 1880 2897 1943 li-

544 1988 742 2050 berae
798 1985 894 2049 161
950 1984 1252 2065 publicae
1315 2004 1384 2049 se
1433 1985 1743 2065 ostendit,
1794 1984 1906 2064 qui
1951 2004 2169 2049 rerum
2216 1985 2623 2065 publicarum
2669 1987 2897 2051 modus

545 2091 882 2157 veteribus
948 2091 1350 2171 temporibus
1418 2110 1672 2171 semper
1735 2090 1876 2155 fere
1942 2091 2223 2156 omnium
2286 2092 2567 2172 optimus
2631 2091 2897 2157 habitus

547 2203 650 2262 est
697 2199 1003 2277 solusque
1062 2197 1430 2263 hominibus
1493 2198 1646 2263 altis
1708 2197 1941 2262 animis
1990 2198 2309 2277 praeditis
2356 2199 2618 2278 placere
2665 2199 2898 2278 potuit.

473 2392 476 2395 Α
546 2305 639 2368 Α1
687 2302 1070 2369 servitutem
1130 2322 1289 2367 snae
1351 2303 1596 2368 aetatis
1645 2304 1882 2367 acerbe
1930 2303 2237 2385 castigat.
2332 2305 2435 2368 Ab
2482 2304 2899 2369 incunabulis

544 2401 836 2475 homines
885 2428 1148 2474 suorum
1197 2416 1561 2490 temporum
1616 2408 1923 2475 servituti
1962 2411 2353 2475 adsuescere
2392 2417 2477 2485 et,
2530 2429 2674 2474 cum
2712 2428 2898 2474 nemo

547 2534 777 2582 servus
809 2535 1005 2581 verus
1039 2522 1266 2581 orator
1295 2516 1436 2581 fieri
1469 2515 1697 2596 possit,
1735 2534 1957 2580 01111168
1987 2516 2367 2581 adulatores
2400 2534 2563 2581 esse.
2643 2515 2898 2581 Deinde

545 2622 932 2688 servitutem
971 2641 1115 2687 cum
1155 2623 1328 2687 arcis
1362 2622 1625 2687 confert
1663 2621 1899 2701 quibus
1938 2621 2255 2705 Pygmaei
2296 2622 2402 2688 vel
2439 2622 2599 2686 nani
2632 2622 2899 2686 alantur

547 2735 614 2793 et
646 2729 1044 2793 mutilentur.
1137 2728 1534 2795 Servitutem
1578 2728 1750 2793 enim
1782 2746 2002 2793 arcam
2037 2733 2103 2793 et
2136 2746 2535 2793 communem
2570 2746 2899 2793 carcerem

546 2853 691 2900 esse
756 2834 1135 2915 animosque
1200 2853 1280 2900 ea
1344 2854 1616 2915 prorsus
1683 2834 2053 2915 depravari.
2178 2833 2338 2916 Quis
2409 2834 2755 2917 negaverit
2820 2851 2899 2898 ea

545 2940 914 3021 philosophi
977 2944 1182 3006 verba
1249 2940 1472 3024 magni
1535 2941 1735 3006 animi
1799 2940 2176 3006 testimonia
2241 2942 2435 3005 esse?
2540 2940 2777 3020 Itaque
2843 2940 2899 3004 si

547 3049 941 3112 concedetur
999 3050 1118 3113 sub
1175 3048 1544 3128 philosophi
1600 3066 1883 3127 persona
1950 3046 2617 3129 Pseudo-Longinum
2665 3047 2896 3124 latere,

547 3152 745 3217 etiam
793 3154 1276 3219 concedendum
1337 3154 1464 3218 erit
1524 3154 1662 3218 eius
1725 3154 2008 3218 animum
2068 3153 2137 3217 in
2196 3152 2351 3217 altis
2400 3158 2469 3217 et
2514 3151 2899 3217 sublimibus

549 3259 896 3324 sententiis
942 3260 1214 3325 versari.

723 3364 850 3429 Hic
883 3372 1160 3445 quaerat
1191 3365 1513 3447 quispiam
1546 3384 1662 3430 cur
1695 3365 2117 3431 sublimitatis
2148 3366 2480 3445 interpres
2498 3364 2565 3450 ¹),
2601 3384 2745 3429 cum
2778 3363 2900 3428 tali

546 3470 761 3536 animo
823 3472 1078 3551 qualem
1139 3472 1326 3536 modo
1384 3471 1848 3552 descripsimus
1904 3472 2246 3553 praeditus
2304 3472 2392 3537 sit
2436 3471 2610 3535 illius
2660 3469 2899 3550 capitis

543 3577 612 3641 in
673 3577 802 3642 fine
862 3577 1043 3643 dicat
1103 3596 1223 3643 sua
1284 3578 1539 3659 quidem
1603 3578 1937 3643 sententia
1998 3597 2160 3643 suae
2224 3577 2468 3642 aetatis
2530 3576 2899 3641 hominibus

545 3683 928 3749 servitutem
976 3684 1288 3749 libertate
1335 3684 1538 3749 multo
1587 3684 2015 3750 salubriorem
2064 3702 2209 3748 esse
2256 3685 2389 3765 (69,
2444 3684 2568 3769 14).

721 3790 888 3855 Nam
934 3789 1014 3854 iis
1063 3790 1282 3856 verbis
1332 3790 1735 3855 contrarium
1782 3809 2002 3857 eorum
2052 3808 2219 3871 qnae
2268 3808 2469 3869 supra
2517 3791 2638 3854 sub
2687 3789 2898 3869 philo—

545 3896 734 3976 sophi
766 3915 1050 3976 persona
1083 3895 1343 3961 dixerat
1366 3896 1628 3972 videtur
1662 3897 2041 3978 exprimere.
2097 3895 2216 3961 Oui
2248 3895 2592 3975 quaerenti
2625 3914 2901 3976 respon-

545 4003 824 4068 dendum
871 4008 993 4080 est,
1045 4021 1433 4083 quamquam
1488 4003 1787 4083 profecto
1836 4002 2071 4083 aliquis
2117 4002 2186 4067 in
2232 4002 2312 4065 iis
2360 4001 2580 4067 verbis
2626 4003 2901 4067 haerere

545 4108 773 4189 possit,
831 4115 1052 4173 tamen
1110 4127 1188 4173 ea
1238 4108 1466 4173 facilia
1513 4111 1597 4175 ad
1646 4108 2101 4191 explicandum
2149 4127 2312 4173 esse.
2409 4109 2662 4172 Auctor
2709 4108 2896 4188 enim,

724 4354 764 4424 1)
811 4355 1047 4409 Vahleni
1095 4356 1274 4410 verbis
1322 4364 1450 4410 utor
1500 4358 1693 4423 quibus
1743 4364 1933 4411 auctor
1984 4374 2017 4411 a
2072 4356 2190 4410 viro
2239 4356 2552 4410 doctissimo
2605 4355 2900 4408 denotatur

543 4444 674 4513 (ind.
714 4445 838 4498 lect.
879 4444 1056 4498 Berol.
1096 4444 1204 4499 hib.
1245 4461 1291 4499 a.
1333 4445 1791 4513 MDCOCLXXX‚
1831 4462 1880 4511 p.
1923 4446 2006 4509 17,
2046 4461 2095 4498 v.
2137 4446 2245 4513 21).

3331 0 3408 63 l)
