3417 5059
7 3972 64 4038 Ἴ

1500 330 1943 394 -29,..

545 532 752 595 ἐκεῖνα
806 527 904 593 ita
960 528 1264 608 pendere,
1325 532 1400 591 ut
1453 532 1531 592 τὰ
1577 530 1881 613 λεγόμενα
1930 525 2254 592 obiectum
2302 524 2405 592 sit.
2480 525 2782 591 'Similem
2828 524 2896 590 in

547 636 802 700 modum
836 616 974 712 52,
1048 635 1082 697 1
1150 631 1620 697 Eratosthenis
1684 650 1921 697 nomen
1985 631 2052 699 in
2122 631 2483 697 orationem
2544 631 2895 698 inducitur.

547 744 626 807 Τί
657 744 725 807 δὲ
755 740 1215 827 Ἐρατοσθένης
1254 742 1318 806 ἐν
1356 752 1430 825 τῇ
1472 740 1795 827 Ἠριγὸνῃ;
1845 738 2163 819 quomodo
2197 742 2415 803 autem
2448 756 2556 803 res
2588 756 2659 803 se
2692 739 2895 803 habet

546 867 692 913 cum
745 846 1195 912 Eratosthene
1250 845 1317 909 in
1374 845 1721 929 Erigona‘?
1810 846 1996 911 Haec
2053 845 2385 911 sententia
2442 850 2598 911 ante
2655 862 2895 925 paren-

547 954 858 1019 theticam
905 952 1080 1017 illam
1130 953 1211 1019 de
1259 970 1388 1033 qua
1437 971 1639 1033 supra
1687 952 2095 1040 diximus‘ea
2143 953 2222 1018 de
2270 970 2475 1017 causa
2512 950 2732 1033 posita
2770 956 2893 1030 est,

545 1062 718 1141 quod
779 1059 1064 1140 scriptor
1123 1058 1478 1124 transitum
1538 1060 1624 1123 ad
1683 1078 1921 1125 novam
1983 1078 2117 1124 rem
2179 1058 2561 1126 vividiorem
2621 1058 2896 1127 reddere

544 1168 830 1246 volebat,
893 1185 1033 1231 cum
1097 1165 1293 1230 etiam
1344 1165 1560 1230 dicere
1607 1170 1865 1245 posset:
1938 1165 2421 1231 Eratosthenes
2470 1183 2646 1243 vero,
2710 1164 2895 1231 cuius

545 1273 842 1356 Erigona
875 1273 1070 1353 plane
1103 1270 1263 1338 vitio
1299 1280 1506 1350 caret,
1540 1289 1683 1336 cum
1717 1270 2150 1337 Archilochus
2182 1271 2387 1339 multa
2421 1270 2635 1336 aliena
2659 1290 2895 1352 rapere

545 1398 764 1445 secum
802 1378 1126 1459 videatur,
1168 1397 1321 1443 num
1359 1378 1568 1443 maior
1599 1378 1993 1445 Archilocho
2031 1382 2231 1460 poeta
2270 1380 2421 1445 est?
2478 1378 2635 1445 Cum
2676 1385 2897 1445 autem

544 1487 651 1567 34,
712 1486 797 1549 24
845 1485 1104 1566 plenam
1162 1484 1682 1550 enuntiationem
1729 1484 2100 1551 rhetoricae
2148 1484 2657 1568 interrogationi
2706 1491 2893 1551 ante-

545 1592 881 1658 cedentem
945 1596 1011 1656 et
1073 1592 1177 1673 52,
1245 1593 1280 1656 1
1345 1591 1741 1657 sententiam
1802 1594 2005 1658 verbo
2066 1592 2323 1672 quidem
2386 1596 2718 1657 carentem
2780 1593 2894 1659 sed

545 1698 809 1763 facilem
871 1700 956 1763 ad
1016 1697 1470 1779 explicandum
1531 1698 1991 1779 invenerimus,
2054 1698 2165 1763 illo
2227 1700 2370 1763 loco
2432 1717 2514 1763 ex
2575 1717 2699 1780 quo
2762 1698 2895 1767 orsi

549 1806 771 1870 sumus
818 1824 997 1870 mera
1049 1804 1330 1869 formula
1378 1804 1674 1871 subiecto
1732 1805 2095 1886 praemissa
2143 1811 2246 1871 est
2293 1810 2358 1870 et
2408 1803 2761 1871 transitum
2810 1806 2895 1871 ad

546 1931 780 1978 novam
821 1931 955 1977 rem
999 1910 1164 1976 facit
1202 1912 1330 1993 (38,
1375 1912 1459 1975 28
1498 1914 1554 1977 τί
1592 1909 1660 1978 δὲ
1697 1914 1761 1977 αἱ
1797 1924 1920 1979 τῶν
1959 1937 2079 1995 πτ.,
2119 1938 2216 1999 χρ.
2254 1937 2353 1998 πρ.
2394 1912 2575 1996 eqs.).
2645 1912 2895 1978 Eadem

545 2017 828 2083 formula
867 2022 1101 2083 auctor
1139 2019 1243 2097 52,
1287 2020 1327 2082 4
1365 2018 1721 2083 transitum
1760 2020 1844 2083 ad
1883 2022 2091 2084 totam
2130 2017 2649 2085 enuntiationem
2686 2018 2893 2085 inter-

547 2124 916 2208 rogativam
977 2124 1162 2206 facit,
1229 2126 1314 2189 ad
1373 2143 1564 2205 quem
1620 2126 1833 2191 locum
1889 2124 2018 2189 iam
2080 2126 2486 2191 accedamus,
2578 2124 2679 2190 Ibi
2726 2128 2894 2191 enim

545 2232 708 2295 haec
761 2232 1105 2313 leguntur:
1183 2234 1239 2297 τί
1295 2230 1386 2314 δ’;
1449 2234 1512 2297 ἐν
1575 2233 1785 2316 μὲλεσι
1852 2234 2089 2316 μᾶλλον
2150 2236 2223 2297 ἂν
2284 2231 2435 2298 εἶναι
2496 2234 2894 2319 Βακχυλίδης

544 2341 712 2403 ἕλοιο
757 2340 798 2423 ἢ
845 2338 1166 2423 Πίνδαρος,
1225 2342 1330 2403 καὶ
1379 2340 1442 2403 ἐν
1490 2340 1802 2424 τραγῳδία
1848 2337 1995 2405 Ἴων
2044 2340 2077 2403 ὁ
2122 2340 2278 2415 Χῖος
2324 2342 2363 2423 ἢ
2412 2344 2483 2425 νὴ
2532 2340 2647 2403 Δία
2693 2341 2893 2425 Σοφο-

542 2446 731 2529 κλῆς,
800 2442 970 2525 Quid
1031 2444 1552 2524 respondendum
1614 2443 1701 2508 sit
1756 2443 2078 2509 incertum
2140 2462 2267 2508 non
2329 2448 2449 2525 est,
2515 2462 2657 2509 cum
2708 2432 2893 2511 nemo

546 2548 905 2615 Pindarum
937 2550 1322 2632 Bacchylidi
1358 2550 1465 2615 vel
1502 2549 1885 2630 Sophoclem
1916 2551 2063 2615 Ioni
2100 2550 2438 2631 praeferre
2471 2550 2893 2617 dubitaturus

545 2656 650 2723 sit.
741 2658 982 2721 Verum
1041 2675 1431 2737 quamquam
1491 2655 1823 2722 rhetorica
1877 2656 2315 2740 interrogatio
2366 2658 2721 2723 statuenda
2769 2667 2889 2739 est,

546 2770 762 2828 tamen
816 2766 899 2829 ab
947 2762 1028 2828 iis
1077 2761 1295 2828 differt
1334 2782 1498 2844 quas
1539 2764 1753 2828 adhuc
1792 2764 2219 2844 contemplati
2257 2782 2495 2839 sumus
2565 2763 2731 2829 Nam
2770 2766 2893 2831 hoc

543 2870 687 2935 loco
736 2876 972 2935 auctor
1009 2872 1174 2935 duas
1222 2889 1330 2936 res
1369 2870 1557 2936 nobis
1596 2870 1908 2951 proponit
1944 2870 2120 2935 inter
2157 2890 2322 2951 quas
2362 2871 2698 2955 eligamus,
2750 2890 2891 2937 cum

543 2976 840 3041 omnibus
878 2976 1006 3041 illis
1044 2976 1204 3041 locis
1243 2976 1370 3041 nisi
1409 2977 1488 3041 de
1521 2995 1652 3041 una
1684 2996 1755 3041 re
1788 2995 1919 3041 non
1952 2983 2209 3059 agatur.
2271 2976 2667 3043 Simillimam
2700 2978 2892 3045 huius

541 3082 1128 3165 interrogationem
1167 3082 1561 3147 rhetoricam
1600 3083 1705 3159 51,
1750 3084 1833 3145 22
1874 3083 2156 3162 exhibet,
2208 3082 2320 3149 ubi
2358 3091 2510 3164 post
2548 3102 2890 3165 compara-

543 3189 786 3254 tionem
815 3188 990 3254 inter
1014 3189 1366 3254 Homerum
1399 3196 1467 3253 et
1487 3188 1904 3269 Apollonium
1939 3188 2485 3269 Theocritumque
2516 3190 2891 3257 institutam

542 3297 706 3361 haec
744 3295 1177 3378 interrogatio
1208 3295 1276 3359 in
1309 3294 1518 3360 medio
1551 3294 1851 3375 ponitur:
1904 3294 1999 3382 ἆρ’
2032 3295 2137 3362 οὖν
2168 3296 2445 3382 Ὅμηρος
2477 3302 2551 3364 ἂν
2585 3301 2820 3384 μᾶλλον
2851 3302 2890 3385 ἢ
2967 3292 2971 3297 ’

538 3402 954 3480 Ἀπολλώνιος
992 3404 1238 3479 ἐθέλοις
1272 3404 1602 3489 γενέσθαι;
1653 3400 1953 3482 Denique
1989 3401 2116 3467 illis
2148 3400 2779 3485 interrogationibus
2811 3425 2892 3471 ea

540 3508 738 3573 etiam
797 3510 1192 3575 adnectatur
1248 3526 1416 3588 quae
1473 3509 1576 3588 43,
1627 3508 1668 3572 9
1728 3512 1980 3573 exstat:
2047 3509 2166 3593 ἆρα
2222 3512 2295 3594 δὴ
2344 3511 2579 3588 τούτοις
2636 3514 2891 3598 μετρίως

538 3620 806 3701 ὤγκωσε
841 3622 952 3701 τὴν
989 3618 1231 3702 νόησιν,
1277 3618 1318 3701 ἢ
1358 3618 1542 3700 ψιλὴν
1581 3616 1789 3701 λαβὼν
1821 3620 1931 3700 τὴν
1962 3616 2124 3694 λέξιν
2156 3617 2563 3703 ἐμελοποίησε
2592 3622 2890 3706 καθ-άπερ

452 3783 460 3790 .
539 3724 832 3809 ἁρμονίαν
878 3727 1014 3789 τινὰ
1058 3727 1169 3807 τὴν
1216 3725 1289 3787 ἐκ
1335 3734 1444 3807 τῆς
1491 3727 1915 3807 περιφράσεως
1961 3724 2399 3808 περιχεάμενος
2446 3726 2797 3811 εὐμέλειαν,

717 3829 904 3893 Inter
943 3827 1315 3893 sententiae
1353 3827 1600 3911 figuras
1639 3846 1808 3908 quae
1846 3826 1915 3891 in
1954 3826 2423 3909 grammaticae
2461 3828 2713 3895 formae
2748 3849 2889 3899 mu-

542 3933 796 3999 tatione
843 3935 1100 4015 positae
1157 3939 1314 3999 sunt
1372 3933 1568 3999 etiam
1625 3952 1704 3997 ea
1752 3933 2157 3999 numeranda
2204 3938 2307 3999 est
2354 3954 2501 4015 qua·
2530 3934 2587 4000 is
2637 3936 2747 4017 qui
2793 3937 2888 4015 lo-‚

542 4040 764 4119 quitur
817 4041 958 4121 ipse
1015 4060 1084 4106 se
1139 4042 1221 4107 de
1279 4041 1500 4121 aliqua
1556 4058 1628 4105 re
1681 4039 2057 4130 interrogat
2114 4046 2181 4105 et
2228 4040 2455 4106 statim
2500 4060 2890 4123 responsum

542 4146 800 4212 subicit.
856 4148 1041 4213 Haec
1072 4148 1284 4231 figura
1318 4147 1447 4232 (34,
1483 4148 1611 4226 24),
1648 4146 1756 4211 cui
1786 4145 2311 4213 subiectionis
2342 4167 2579 4214 nomen
2612 4149 2888 4215 inditum

542 4259 664 4333 est,
714 4252 1067 4319 identidem
1114 4254 1443 4335 reperitur
1490 4258 1558 4319 et
1605 4272 1645 4317 a
1693 4252 2016 4333 scriptore
2054 4272 2295 4337 magna
2334 4260 2482 4320 arte
2520 4256 2783 4322 variata
2823 4260 2890 4321 et

537 4364 796 4425 mutata
843 4367 963 4427 est.
