3417 5059
1447 308 1891 371 „49—

672 504 910 583 Itaque
980 503 1036 568 si
1105 503 1464 585 quaeritur,
1546 504 1719 568 unde
1794 501 2080 583 scriptor
2150 500 2712 582 comparationum
2780 506 2848 566 et

496 609 956 692 allegoriarum
1013 610 1355 675 materiam
1412 609 1786 690 sumpserit,
1850 608 2217 673 sententias
2273 607 2479 674 variis
2534 610 2732 673 rebus
2780 612 2849 672 et

495 716 774 783 diversis
822 715 1029 782 modis
1076 715 1494 791 dilucidior-es
1542 721 1610 782 et
1657 715 1971 781 clariores
2016 715 2265 781 reddit·
2338 714 2549 781 Semel
2587 721 2849 780 tantum

497 823 628 909 (16,
679 825 744 904 8)
792 825 875 889 ad
924 823 1268 906 Olympum
1320 842 1440 889 nos
1488 823 1697 901 reicit,
1750 842 1875 903 quo
1927 824 2070 888 loco
2126 821 2491 887 Homericis
2547 821 2848 889 versibus

446 956 452 961 ·
495 930 850 995 Homerum
888 948 1034 995 cum
1071 931 1327 996 Graeco
1376 930 1531 995 belli
1576 931 1696 995 deo
1748 936 2103 1010 comparat.
2182 928 2435 994 Ceteris
2482 928 2643 993 locis
2680 946 2848 993 com-

497 1035 881 1117 parationes
907 1042 975 1102 et
1007 1036 1356 1121 allegorias
1389 1056 1424 1101 e
1455 1043 1699 1101 natura
1731 1043 1799 1101 et
1833 1055 1913 1100 ex
1946 1036 2274 1101 hominum
2304 1035 2446 1101 vita
2484 1035 2850 1115 studiisque

498 1143 734 1217 haurit.
829 1144 1026 1209 Velut
1084 1144 1287 1225 36‚17
1349 1143 1638 1224 procella
1685 1149 2247 1223 commemoratur,
2310 1144 2415 1223 37,
2470 1142 2552 1206 15
2599 1141 2846 1223 variuS‚

501 1251 602 1331 16,
656 1252 738 1317 16
785 1250 1009 1317 nautis
1049 1252 1374 1317 secundus
1420 1256 1680 1319 ventus,
1761 1252 2147 1331 Tempestas
2190 1248 2457 1333 fulgura
2490 1255 2557 1315 et
2595 1248 2850 1314 tonitru

499 1376 718 1423 secum
757 1357 981 1424 ferens
1024 1358 1085 1437 2,
1125 1359 1211 1422 26
1247 1357 1435 1423 nobis
1476 1357 1783 1429 occurrit,
1826 1357 2018 1422 simili
2052 1358 2241 1422 modo
2276 1356 2381 1438 54,
2409 1356 2491 1421 16
2525 1356 2751 1439 fulgur
2784 1362 2851 1421 et

498 1464 770 1530 tonitru.
824 1465 924 1531 De
943 1484 1181 1547 magno
1211 1464 1514 1530 incendio
1539 1472 1773 1531 auctor
1797 1466 1901 1545 24,
1927 1465 2010 1528 26
2037 1463 2344 1543 loquitur,
2368 1464 2449 1528 de
2468 1463 2621 1547 igne
2643 1463 2850 1544 16,18

497 1578 566 1636 et
617 1573 722 1650 52,
776 1574 831 1638 7.
909 1573 1014 1651 44,
1065 1571 1150 1636 20
1193 1572 1360 1637 lucis
1401 1578 1469 1636 et
1516 1573 1622 1653 31,
1677 1573 1754 1635 11
1813 1555 2178 1652 splendoris
2221 1570 2507 1649 aliquam
2557 1588 2694 1635 rem
2736 1570 2851 1635 ob-

499 1680 830 1745 scurantis
863 1679 1108 1744 mentio
1141 1679 1232 1745 fit..
1302 1681 1402 1743 De
1434 1680 1614 1744 caelo
1649 1698 1794 1744 cum
1826 1678 2151 1759 scriptore
2183 1679 2267 1743 ad
2300 1682 2546 1743 terram
2578 1677 2850 1743 descen-

500 1785 711 1852 dimus
760 1791 827 1850 et
876 1785 1374 1852 fundamentum
1422 1785 1865 1868 compluribus
1914 1793 2134 1851 terrae
2172 1784 2475 1867 partibus
2516 1802 2852 1849 commune

502 1891 604 1973 10,
656 1892 742 1957 2Ο
797 1892 1253 1973 conspicimus.
1349 1892 1572 1957 Etiam
1632 1893 1715 1957 de
1772 1892 1983 1957 antris
2043 1910 2329 1973 vapores
2386 1890 2851 1956 anhelantibus

501 2017 866 2081 anonymus
933 1999 1036 2080 26,
1075 2001 1137 2065 .5
1207 1999 1513 2079 loquitur.
1615 2000 1828 2080 Saepe
1898 2000 1983 2064 ad
2050 2018 2263 2080 aquae
2308 2003 2406 2063 'ut
2474 1997 2573 2063 ita
2641 1997 2854 2064 dicam

501 2107 890 2172 elementum
945 2105 1264 2172 reicimur.
1358 2106 1556 2172 Velut
1604 2109 1707 2187 24,
1764 2108 1845 2172 15
1894 2108 1975 2172 ad
2026 2125 2205 2171 mare
2250 2106 2567 2184 ducimur,
2630 2110 2699 2170 et
2748 2107 2850 2185 17,

503 2213 587 2276 22
637 2232 969 2279 recessum
1003 2219 1228 2278 aestus
1262 2213 1511 2280 Oceani
1543 2231 1687 2278 cum
1720 2211 2045 2294 scriptore
2078 2213 2609 2293 contemplamur.
2685 2211 2853 2277 Aliis

499 2318 661 2384 locis
731 2320 810 2385 de
874 2319 1246 2385 fluminibus
1327 2319 1481 2403 agit.
1623 2321 1732 2386 Ita
1802 2321 1906 2401 25,
2001 2319 2084 2385 10
2165 2319 2451 2401 scriptor
2528 2318 2855 2401 placidum

500 2425 744 2513 flumen,
786 2427 974 2492 nobis
1021 2434 1369 2509 monstrat,
1420 2447 1565 2492 cum
1613 2426 1931 2495 torrentis
1978 2426 2193 2509 imago
2234 2428 2339 2507 46,
2380 2428 2421 2491 6
2469 2425 2659 2492 nobis
2698 2431 2855 2491 ante

504 2535 727 2599 oculos
757 2540 1080 2601 versetur.
1127 2533 1350 2599 Etiam
1383 2536 1467 2599 ab
1499 2534 1857 2600 artificioso
1891 2552 2101 2613 aquae
2134 2551 2351 2612 cursu,
2372 2553 2412 2598 a
2444 2531 2855 2600 derivatione

501 2639 786 2705 fluminis
825 2641 930 2722 26,
976 2640 1059 2705 10
1091 2646 1160 2706 et
1191 2661 1231 2706 a
1262 2648 1460 2722 portu
1496 2641 1596 2718 15,
1639 2641 1680 2706 5
1729 2641 1943 2723 imago
1992 2640 2272 2707 ducitur.
2358 2639 2685 2705 Animalia
2716 2658 2854 2705 ma-

503 2747 736 2811 teriam
777 2766 907 2812 non
940 2750 1264 2829 praebent
1295 2748 1422 2813 nisi
1453 2750 1707 2814 duobus
1738 2747 1919 2827 lociS,
1962 2748 2066 2827 28,
2104 2748 2187 2811 22
2221 2746 2333 2813 ubi
2365 2745 2857 2829 comparatione

409 2902 418 2908 .
505 2871 585 2916 ex
616 2854 887 2919 Homeri
917 2855 1126 2920 Iliade
1165 2860 1427 2936 sumpta
1471 2854 1825 2936 Euripides
1864 2854 1975 2934 qui
2014 2874 2094 2919 ex
2134 2874 2204 2920 se
2236 2854 2561 2937 tragicum
2592 2858 2857 2936 poetam

505 2958 742 3025 fecerit
815 2980 960 3026 cum
1025 2962 1215 3027 leone
1275 2961 1637 3042 confertur,
1716 2961 1829 3041 qui
1899 2963 2109 3027 cauda
2178 2961 2392 3026 latera
2452 2962 2730 3045 plangat
2790 2967 2857 3025 et

505 3068 611 3147 69,
656 3068 756 3148 16,
807 3067 920 3132 ubi
966 3068 1366 3149 cupiditates
1413 3069 1744 3134 hominum
1791 3087 1935 3134 cum
1983 3067 2219 3133 bestiis
2262 3087 2298 3133 e
2338 3086 2601 3133 carcere
2638 3066 2857 3135 missis

506 3180 988 3254 comparantur.

683 3281 895 3347 Maior
975 3289 1194 3348 autem
1268 3282 1831 3365 comparationum
1905 3289 1972 3347 et
2035 3282 2497 3366 allegoriarum
2551 3300 2709 3363 pars
2772 3283 2856 3346 ab

505 3387 764 3453 homine
824 3388 1093 3469 eiusque
1149 3389 1290 3456 vita
1348 3396 1416 3454 et
1487 3387 1724 3454 studiis
1794 3389 2087 3455 sumitur.
2194 3389 2286 3454 Et
2344 3394 2855 3454 consentaneum

507 3494 765 3575 quidem
823 3503 926 3561 est
979 3495 1048 3561 in
1095 3496 1313 3561 libello
1362 3496 1473 3576 qui
1521 3497 1612 3561 de·
1647 3495 2051 3561 sublimitate
2108 3495 2248 3579 agit
2293 3495 2497 3561 multo
2549 3495 2855 3561 maiorem

507 3621 844 3668 numerum
928 3604 1012 3667 ab
1093 3603 1174 3669 iis
1257 3605 1454 3668 rebus
1537 3604 1808 3668 ductum
1883 3621 2047 3684 esse,
2134 3622 2302 3682 quae
2381 3603 2464 3668 ad
2530 3602 2859 3668 hominum

507 3709 779 3791 animos,
859 3711 940 3776 ad
1013 3710 1308 3775 rationes
1375 3728 1542 3790 quae
1601 3708 1778 3774 inter
1838 3728 1951 3774 eos
2010 3709 2448 3791 intercedunt,
2526 3710 2611 3775 ad
2671 3708 2859 3776 varia

509 3815 836 3881 hominum
883 3817 1105 3882 studia
1143 3817 1495 3898 pertinent.
1573 3817 1813 3897 Itaque
1851 3823 1925 3881 ut
1965 3818 2048 3881 ab
2086 3815 2364 3881 hominis
2402 3821 2600 3897 partu
2640 3816 2857 3882 ordia-

442 3904 448 3912 ’
507 3942 652 3987 111111
699 3923 803 4003 68,
857 3924 939 3987 13
998 3924 1520 4004 procreationem
1567 3923 1921 3988 liberorum
1968 3929 2035 3988 et
2090 3924 2193 4002 27,
2245 3924 2284 3987 6
2334 3922 2585 3988 foetum
2629 3923 2857 3988 imma-

511 4034 731 4093 turum
763 4034 830 4093 et
861 4047 1146 4109 caecum,
1189 4032 1429 4095 abortu
1461 4029 1690 4095 elisum
1724 4049 1801 4095 ac
1834 4030 2029 4111 plane
2058 4028 2538 4110 imperfectum,
2573 4028 2859 4111 scriptor

511 4142 986 4201 commemorat.
1093 4137 1192 4202 De
1253 4136 1537 4201 infantis
1601 4137 1859 4202 nutrice
1921 4137 2025 4217 66,
2080 4137 2162 4201 15
2223 4137 2527 4217 loquitur.
2634 4136 2858 4201 Etiam

481 4230 812 4307 'arcarum
871 4243 1106 4323 quibus
1153 4244 1632 4326 Pygmaeorum
1679 4244 1783 4309 vel
1832 4263 2153 4309 nanorum
2198 4243 2389 4309 liberi
2434 4243 2860 4309 includuntur

509 4348 903 4414 mentionem
950 4350 1092 4415 fieri
1139 4368 1340 4431 supra
1386 4350 1682 4417 vidimus
1767 4351 1933 4415 Tum
1970 4350 2286 4416 nonnulla
2335 4368 2591 4430 quoque
2637 4370 2673 4415 e
2718 4350 2861 4417 vita

2470 4474 2502 4526 4
