3417 5059
9 2388 64 2507 TQ'

1496 359 1943 481 427...-

537 577 792 643 formae
839 576 1310 660 grammaticae
1356 576 1614 656 positae
1664 580 1820 641 sunt
1866 593 2161 659 agamus,
2211 575 2292 641 de
2330 574 2565 655 quibus
2596 574 2892 652 Pseudo-

536 684 879 767 Longinus
904 684 1009 764 34,
1034 684 1118 747 24
1149 682 1460 762 loquitur.
1501 682 2073 767 Interrogationes
2098 681 2608 755 rhetoricaseas
2632 681 2891 746 intelle-

535 792 748 875 gimus
806 790 892 854 ad
947 808 1130 870 quaS‚
1192 808 1335 853 cum
1393 789 1661 855 dubium
1718 808 1849 856 non
1898 789 2005 871 sit,
2056 788 2212 869 quid
2258 787 2313 853 is
2364 786 2475 869 qui
2521 772 2893 878 interrogat

536 896 805 977 sentiat,
854 915 1241 977 responsum
1281 896 1540 962 omnino
1580 915 1712 962 non
1747 897 1961 963 datur.
2028 896 2210 979 Quae
2242 896 2457 979 figura
2488 914 2688 977 saepe
2719 896 2892 976 apud

536 1002 1202 1085 Pseudo-Longinum
1238 1002 1540 1069 occurrit.
1581 1002 1741 1068 Cum
1774 1007 1993 1069 autem
2026 1002 2233 1083 primo
2265 1003 2415 1071 loco
2442 1003 2523 1069 de
2546 1002 2627 1067 iis
2652 1001 2895 1067 dicturi

535 1110 739 1175 simus
787 1128 957 1189 quae
1006 1128 1087 1174 ex
1134 1128 1267 1175 una
1315 1108 1777 1175 enuntiatione
1814 1108 2319 1191 interrogativa,
2341 1108 2733 1190 consistunt,
2777 1127 2893 1189 op-

537 1215 695 1281 time
725 1216 916 1281 nobis
947 1216 1246 1282 videmur
1277 1234 1390 1281 eas
1424 1235 1612 1298 quae,
1649 1216 1791 1282 sive
1822 1216 2010 1296 ipsae
2050 1213 2266 1280 forma
2306 1213 2714 1281 affirmativa
2754 1214 2894 1281 sive

537 1322 854 1405 negativa
891 1323 1165 1388 indutae
1203 1329 1378 1405 sunt,
1431 1323 1825 1389 sententiam
1868 1321 2336 1388 affirmativam
2384 1321 2714 1402 exhibent,
2764 1320 2803 1387 i.
2844 1340 2895 1386 e.

534 1431 626 1495 ad
685 1448 850 1511 quas
900 1429 958 1495 si
1002 1448 1388 1511 responsum
1449 1430 1722 1495 daretur
1769 1428 2170 1499 affirmative
2218 1428 2747 1509 responderetur,
2812 1429 2897 1493 ab

535 1535 621 1602 iis
671 1536 1046 1601 discernere
1095 1556 1369 1617 quarum
1419 1536 1752 1602 sententia
1791 1535 2107 1620 negativa
2146 1538 2265 1602 est.
2320 1536 2713 1607 Acduabus
2753 1534 2896 1614 qui-

540 1644 684 1709 dem
733 1662 815 1707 ex
851 1642 984 1709 illis
1023 1656 1383 1728 pronomen
1421 1643 1975 1733 interrogativum
2014 1642 2443 1724 praemissum
2484 1646 2602 1708 est.
2663 1642 2899 1717 Altera

542 1754 764 1815 autem
807 1768 1050 1829 earum,
1093 1769 1262 1829 quae
1304 1751 1406 1830 14,
1446 1751 1480 1813 1
1523 1753 1779 1815 exstat:
1818 1752 1908 1828 τίς
1946 1749 2053 1816 οὖν
2092 1754 2208 1815 οὐκ
2247 1754 2321 1817 ἂν
2360 1752 2614 1827 εἰκότως
2652 1752 2753 1815 διὰ
2788 1754 2899 1834 τὴν
3001 1820 3008 1826 ,

538 1858 888 1943 ὑπερβολὴν
945 1870 1051 1923 τοῦ
1111 1858 1418 1944 μεγέθους
1477 1859 1921 1943 ἐπιφθέγξαιτο
1972 1862 2061 1923 ὅτι
2110 1874 2243 1936 eqs,
2292 1855 2609 1939 negativa
2661 1853 2893 1935 forma,

535 1963 874 2028 sententia
922 1962 1328 2029 affirmativa
1355 1966 1497 2045 est,
1563 1963 1779 2028 altera
1826 1982 1995 2043 quae
2056 1963 2157 2043 18,
2212 1964 2293 2027 12
2341 1962 2616 2045 legitur:
2674 1964 2733 2028 τί
2780 1968 2899 2049 γὰρ

536 2075 616 2137 ἂν
673 2073 830 2135 ἄλλο
888 2072 1192 2156 φήσαιμεν
1247 2083 1441 2136 ταῦτα
1495 2074 1535 2155 ἢ
1592 2082 1678 2157 τῷ
1739 2074 1862 2136 ὂντι
1910 2072 2050 2148 Διὸς
2098 2072 2381 2153 ἐνύπνια,
2432 2068 2661 2142 101·ωᾶ
2710 2067 2896 2133 affir-

541 2176 808 2257 mativa,
861 2176 1193 2241 sententia
1239 2176 1570 2258 negativa.

722 2282 962 2348 Tribus
1011 2302 1092 2347 ex
1137 2283 1404 2362 reliquis
1441 2284 1574 2369 -ἆρα
1622 2282 1953 2363 particula
1990 2282 2479 2365 interrogativa
2517 2282 2899 2363 praeposita

538 2395 665 2468 est,
717 2408 861 2454 cum
907 2390 1094 2470 ipsae
1131 2388 1344 2454 forma
1381 2390 1698 2472 negativa
1737 2389 2081 2469 praeditae
2120 2389 2284 2467 sint3
2334 2393 2493 2470 treS,
2546 2407 2627 2453 ex
2665 2388 2899 2468 quibus

542 2496 734 2561 unius
791 2496 1002 2561 forma
1059 2496 1390 2579 negativa,
1451 2496 1727 2562 duarum
1785 2494 2191 2562 affirmativa
2249 2501 2371 2577 est,
2432 2514 2510 2559 ea
2568 2495 2898 2617 particula

535 2607 789 2669 carent.
881 2602 1049 2667 Sunt
1096 2606 1315 2669 autem
1361 2604 1486 2667 hae
1535 2622 1682 2667 sex:
2784 2613 2791 2619 ·

721 2710 960 2790 29,11
1011 2708 1106 2796 ἆρ’
1155 2714 1270 2775 οὐκ
1319 2714 1392 2777 ἂν
1439 2714 1648 2793 εἴποις,
1699 2715 1788 2775 ὅτι
1834 2712 1875 2796 ἡ
1922 2713 2090 2796 ψυχὴ
2130 2721 2238 2775 τοῦ
2276 2711 2620 2795 γράφοντος
2658 2733 2899 2776 συνεπι-

536 2818 732 2903 βαίνει
788 2828 895 2882 τοῦ
954 2821 1254 2902 ἅρματος,
1317 2817 1422 2895 34,
1483 2817 1568 2880 24
1627 2818 1747 2902 ἆρα
1796 2820 1911 2881 οὐκ
1958 2820 2169 2894 αὐταῖς
2215 2826 2345 2894 ταῖς
2391 2826 2514 2881 τῶν
2562 2818 2897 2902 σχημάτων

533 2926 891 3001 ,εἰδοποιΐαις
955 2928 1125 3009 παρὰ
1197 2926 1358 2989 πολὺ
1423 2926 1891 3009 ἐμπρακτὸτερα
1956 2927 2061 2990 καὶ
2138 2923 2535 3009 σοβαρρτερα
2609 2924 2898 2994 συντείνει

537 3035 618 3095 ’τὰ
672 3032 977 3115 λεγόμενα
998 3028 1080 3114 ¹);
1150 3029 1254 3108 50,
1315 3030 1397 3092 21
1467 3028 1562 3115 ἆρ’
1620 3033 1736 3095 οὐκ
1801 3034 1875 3096 ἂν
1932 3032 2099 3109 ἄξιόν
2155 3032 2281 3098 ἐστι
2339 3033 2706 3115 διαπορῆσαι
2744 3033 2899 3119 ,περὶ

538 3142 730 3202 αὐτοῦ
787 3138 1006 3201 τούτου
1063 3139 1448 3219 καθολικῶς,
1507 3138 1765 3221 πότερόν
1823 3160 1973 3204 ποτε
2028 3148 2303 3222 κρεῖττον
2357 3154 2489 3215 eqS.
2583 3136 2687 3216 21,
2738 3136 2779 3199 3
2828 3140 2897 3201 οὐ

540 3245 904 3329 θαυμάζεις,
968 3245 1052 3321 ὡς
1111 3246 1229 3310 ὑπὸ
1290 3248 1360 3308 τὸ
1422 3248 1571 3308 αὐτὸ
1632 3248 1743 3328 τὴν
1793 3246 1999 3329 ψυχὴν
2045 3248 2115 3308 τὸ
2163 3254 2344 3329 σῶμα
2369 3278 2565 3288 --
2592 3244 2896 3329 ἐπιζητεῖς
2995 3258 3002 3268 ’

546 3350 797 3429 14,12
860 3351 1224 3436 ἐπιβλέπεις,
1298 3352 1518 3436 ἑταῖρε,
1590 3352 1673 3428 ὡς
1735 3352 2273 3436 ἀναρρηγνυμένης
2332 3353 2473 3435 μὲν
2502 3352 2575 3415 ἐκ
2641 3351 2898 3435 βάθρων

533 3468 655 3542 γῆς
713 3474 872 3535 eqs.;
937 3456 1041 3536 41,
1102 3456 1141 3518 2
1191 3460 1354 3543 ὁρᾷς,
1415 3456 1464 3521 ὦ
1522 3459 1723 3542 ἑταῖρε
1781 3459 1865 3535 ὡς
1920 3458 2300 3543 παραλαβών
2354 3480 2467 3522 σου
2525 3462 2635 3542 τὴν
2693 3459 2897 3543 ψυχὴν

536 3566 642 3631 ,διὰ
687 3574 811 3629 τῶν
857 3565 1064 3630 τόπων
1113 3568 1246 3649 ἄγει
1295 3569 1404 3649 τὴν
1452 3566 1648 3649 ἀκοὴν
1700 3567 1840 3649 ὄψιν
1885 3576 2115 3643 ποιῶν;
2165 3625 2169 3631 .

719 3668 944 3748 Neque
992 3687 1148 3735 vero
1195 3668 1452 3734 libellus
1500 3672 1761 3733 tantum
1808 3688 2145 3737 numerum
2194 3668 2651 3752 negativarum
2688 3669 2897 3734 inter-

539 3774 959 3858 rogationum
1015 3794 1186 3855 quae
1243 3794 1324 3840 ex
1378 3795 1510 3840 una
1565 3775 2091 3861 interrogatione
2138 3774 2453 3857 negativa
2501 3774 2893 3856 consistunt,

539 3886 860 3962 quantum
918 3881 1488 3957 affirmativarum,
1551 3884 1843 3963 praebet.
1938 3883 2043 3961 52,
2106 3883 2140 3945 1
2192 3881 2489 3963 scriptor
2534 3882 2895 3964 Erigonam

544 3989 1031 4070 EratostheniS,
1074 3990 1247 4068 quod
1286 4007 1549 4056 carmen
1588 3989 1785 4070 plane
1823 3989 1987 4055 vitio
2026 3994 2273 4070 careat,
2314 4007 2460 4053 cum
2499 3988 2895 4063 carminibus

540 4094 938 4177 Archilochi,
989 4095 1102 4177 qui
1138 4096 1347 4161 multa
1386 4096 1603 4162 aliena
1641 4115 1878 4177 rapere
1918 4114 2135 4161 secum
2174 4095 2483 4162 videatur
2520 4100 2893 4177 comparat;

545 4220 682 4281 qua
725 4202 1216 4282 comparatione
1262 4202 1719 4283 parenthetice
1765 4202 2181 4284 interposita,
2232 4206 2580 4283 postquam
2630 4209 2896 4273 senten-

571 4423 576 4427 *
724 4342 783 4411 1)-
803 4312 1459 4412 Ibsfseudo-Longinus,
1509 4360 1631 4397 cum
1677 4344 1742 4396 de
1788 4343 2217 4412 interrogatione
2266 4343 2403 4413 agit,
2454 4343 2567 4411 ipse
2619 4344 2683 4397 de
2730 4317 2899 4397 inter-

533 4430 829 4499 ,rogatione
866 4431 1349 4500 interrogationem
1385 4432 1646 4487 instituit.
