3417 5059
1529 322 1975 383 -15—

577 533 723 579 nem
771 512 946 579 dicit.
1037 516 1175 579 Nec
1234 516 1315 579 de
1372 533 1451 579 ea
1500 533 1866 596 anonymus
1914 514 2237 595 loquitur3
2299 516 2413 580 sed
2460 515 2735 580 multum
2784 534 2933 581 eum

575 619 644 685 in
677 640 752 686 eo
788 639 1029 704 genere
1061 639 1208 687 esse
1239 621 1577 686 Vahlenus
1607 627 1831 685 monet
1865 622 1925 702 (l.
1958 621 1996 686 1.
2030 640 2088 701 p.
2123 621 2208 705 4),
2260 626 2328 685 et
2374 639 2447 686 re
2494 640 2655 688 vera
2686 621 2928 704 viginti

578 727 748 793 duae
808 728 1262 808 parentheseS,
1327 746 1490 807 quas
1552 726 1810 806 quidem
1872 726 1975 791 vir
2032 726 2447 793 doctissimus
2506 728 2573 792 in
2636 727 2923 793 editione

578 833 764 898 uncis
795 833 1155 915 incluserit,
1191 836 1366 913 apud
1400 840 1735 897 auctorem
1768 838 2052 898 exstant.
2117 834 2283 898 Nam
2315 836 2487 914 quod
2512 835 2571 915 9,
2602 836 2685 899 27
2717 836 2933 899 verba

553 943 972 1027 ’θαυμάζουσι
1001 978 1091 985 —
1121 943 1548 1026 ὑπερορῶντας
1595 940 2037 1020 parenthesim
2085 959 2217 1004 non
2266 940 2505 1005 stat-uit
2551 946 2731 1005 recte
2780 960 2927 1005 eum

580 1046 804 1111 facere
851 1046 1322 1126 contendimus
1374 1065 1764 1126 quamquam
1812 1046 1891 1110 de
1938 1065 2018 1111 ea
2064 1066 2136 1111 re
2175 1051 2398 1127 potest
2435 1045 2740 1112 dubitari.
2800 1047 2929 1111 Ne-

578 1143 704 1233 que
761 1158 866 1217 est
921 1154 1095 1233 quod
1144 1154 1248 1235 52,
1307 1156 1339 1217 1
1399 1154 1604 1218 verba
1652 1156 1753 1218 διὰ
1798 1156 2046 1220 πάντων
2092 1158 2210 1239 γὰρ
2259 1156 2593 1239 ἀμώμητον
2638 1158 2709 1218 τὸ
2756 1177 2936 1238 ποιη-

579 1262 796 1346 μάτιον
824 1278 987 1329 ‚cum
1018 1258 1526 1325 Wilamowitzio
1576 1258 1762 1323 uncis
1808 1258 2237 1325 includamus,
2329 1260 2495 1324 Nam
2543 1277 2933 1340 quamquam

578 1365 811 1449 negari
848 1385 981 1430 non
1014 1370 1255 1446 potest,
1307 1365 1365 1430 si
1412 1365 1623 1430 oratio
1672 1365 1770 1430 ita
1803 1372 1877 1429 ut
1910 1365 2455 1431 Wilamowitzius
2502 1366 2648 1432 vult
2694 1364 2933 1430 distin-

579 1479 842 1555 guatur,
879 1477 1092 1536 totum
1125 1470 1605 1536 sententiarum
1639 1477 2020 1535 contextum
2064 1491 2145 1536 ea
2190 1472 2524 1538 sententia
2557 1471 2937 1552 perturbari

580 1583 648 1643 et
680 1578 1126 1659 parenthesim
1159 1596 1304 1643 esse
1337 1578 1776 1655 statuendam,
1825 1583 2066 1657 tamen,
2102 1577 2158 1641 si
2192 1597 2334 1643 cum
2365 1579 2663 1643 Vahleno
2697 1578 2932 1642 distin-

579 1684 885 1766 xerimuS,
935 1684 1097 1749 nihil
1145 1684 1271 1749 erit
1316 1684 1386 1747 in
1417 1702 1543 1763 quo
1576 1684 1981 1749 haereamus,
2060 1685 2223 1749 Tum
2255 1684 2323 1748 in
2356 1684 2567 1749 media
2600 1684 2938 1749 sententia

578 1792 634 1856 τί
665 1794 734 1857 δὲ
763 1790 1224 1877 Ἐρατοσθένης
1257 1794 1322 1857 ἐν
1353 1804 1428 1877 τῇ
1460 1790 1771 1876 Ἠριγόνῃ,
1823 1792 1943 1877 ἆρα
1989 1794 2063 1876 δὴ
2112 1792 2336 1877 μείζων
2374 1793 2671 1877 ποιητής;
2718 1791 2929 1856 verba
2973 1806 2977 1811 ·

581 1901 681 1963 διὰ
739 1899 987 1964 πάντων
1047 1900 1167 1984 γάρ
1229 1916 1361 1977 eqS.
1409 1915 1616 1977 usque
1678 1898 1763 1961 ad
1820 1899 2127 1963 δύσκολον
2184 1902 2539 1977 ponuntur.
2646 1897 2937 1963 Constat

581 2008 799 2068 autem
851 2021 1050 2083 saepe
1099 2002 1458 2084 scriptores
1491 2002 1787 2068 Graecos
1821 2003 2219 2067 sententiam
2257 2022 2427 2083 quae
2460 2003 2628 2068 alius
2662 2022 2931 2069 causam

579 2110 854 2174 adderet
899 2109 996 2173 ita
1044 2108 1110 2173 in
1159 2109 1373 2174 media
1419 2108 1534 2174 illa
1583 2108 1916 2174 sententia
1964 2108 2280 2189 posuisse,
2341 2115 2416 2173 ut
2462 2115 2581 2197 γὰρ
2630 2109 2935 2190 particu-
2990 2127 2995 2130 ’

577 2216 708 2280 lam
755 2215 815 2280 ei
860 2215 1250 2295 insererent,
1302 2234 1471 2295 quae
1519 2234 1833 2280 uncorum
1881 2233 2150 2279 munere
2199 2214 2609 2297 fungeretur.

757 2322 937 2387 Idem
975 2324 1056 2387 de
1089 2321 1309 2387 verbis
1344 2323 1452 2402 60,
1489 2324 1570 2387 21
1613 2321 1742 2386 dici
1780 2326 2020 2402 potest,
2073 2321 2184 2386 ubi
2227 2320 2405 2386 inter
2451 2322 2733 2402 priorem
2780 2340 2938 2387 sen-

582 2428 838 2494 tentiae
886 2433 1139 2509 partem
1190 2427 1330 2494 ἀλλ’
1378 2432 1430 2494 εἰ
1477 2433 1582 2494 καὶ
1625 2429 1811 2515 μανία
1842 2432 1978 2514 περὶ
2024 2440 2147 2494 τῶν
2180 2434 2373 2507 οὕτως
2421 2431 2942 2515 ὁμολογουμένων·

581 2539 891 2621 διαπορεῖν
948 2540 1016 2600 et
1076 2535 1505 2615 posteriorem
1561 2537 1801 2621 ὑψηλόν
1856 2536 1930 2621 γὲ
1984 2560 2104 2600 που
2162 2538 2338 2601 δοκεῖ
2378 2554 2510 2616 eqS.
2559 2534 2937 2600 enuntiatio

581 2640 722 2706 Sine
770 2641 966 2706 dubio
1014 2641 1476 2722 parenthetica
1514 2640 1868 2706 intercedit
1900 2645 2245 2727 ἀποχρῶσα
2275 2647 2394 2727 γὰρ
2426 2645 2466 2728 ἡ
2500 2654 2680 2728 πεῖρα
2713 2644 2933 2723 πίστις,

581 2767 774 2828 quam
833 2747 1018 2813 uncis
1074 2748 1321 2813 includi
1375 2765 1646 2813 necesse
1702 2766 1835 2811 non
1890 2756 2009 2812 est.
2103 2748 2369 2813 Tertius
2424 2748 2607 2812 locus
2654 2747 2764 2812 ubi
2810 2752 2939 2834 γὰρ

581 2860 911 2933 tamquam
960 2873 1078 2934 pro
1127 2854 1313 2919 uncis
1361 2858 1462 2919 est
1511 2853 1731 2934 capite
1778 2853 2024 2919 decimo
2073 2858 2314 2934 exstat,
2364 2854 2477 2918 ubi
2525 2855 2629 2931 22,
2680 2856 2719 2918 2
2767 2855 2941 2918 haec

581 2962 916 3043 leguntur:
980 2964 1013 3026 ὁ
1056 2964 1130 3031 ,δὲ
1174 2960 1443 3047 Ὅμηρος
1490 2972 1654 3043 πῶς;
1728 2965 1793 3027 ἕν
1852 2966 1973 3046 γὰρ
2020 2964 2160 3026 ,ἀπὸ
2209 2964 2461 3027 πολλῶν
2508 2963 2799 3046 λεγέσθω
2827 2992 2838 3003 ·
2864 2962 2937 3026 ἐν

581 3066 632 3133 δ’
681 3066 850 3133 ἕπεσ’
899 3086 1029 3148 eqs.

757 3174 999 3238 Paucis
1047 3174 1266 3240 verbis
1314 3175 1394 3238 de
1442 3174 1697 3238 duabus
1730 3172 2079 3237 sententiis
2111 3172 2421 3248 dicamuS,
2472 3192 2643 3254 quae
2688 3191 2933 3253 paren-

582 3279 818 3344 thesim
852 3279 1302 3346 brevissimam
1333 3278 1651 3360 efficiunt,
1687 3282 1822 3365 ἐμοὶ
1856 3283 2030 3345 δοκεῖ
2056 3286 2123 3343 et
2156 3284 2255 3365 μοὶ
2287 3283 2476 3362 δοκεῖ,
2511 3298 2679 3359 quae
2713 3279 2941 3358 24,-2Ο

583 3391 650 3451 et
698 3388 758 3467 4,
813 3386 895 3448 10
953 3391 1239 3451 exstant.
1333 3385 1494 3467 Quis
1556 3386 1904 3467 negaverit
1962 3386 2044 3450 iis
2102 3386 2579 3451 sententiarum
2636 3391 2927 3449 tenorem

580 3492 1022 3573 interrumpi?
1115 3492 1250 3557 Nec
1307 3511 1464 3557 vero
1522 3492 1866 3572 quisquam
1925 3492 2271 3574 negaverit
2328 3512 2409 3556 ea
2453 3493 2656 3558 verba
2704 3492 2929 3555 eodem

581 3599 722 3663 iure
769 3618 897 3680 quo
947 3603 1118 3665 δοκεῖ
1162 3623 1282 3685 μοι,
1333 3600 1506 3679 quod
1556 3616 1756 3678 saepe
1803 3598 1978 3678 apud
2028 3602 2286 3663 veteres
2322 3594 2593 3681 legitur,
2658 3602 2938 3678 propter

582 3725 855 3786 parva-m
904 3704 1382 3770 sententiarum
1437 3703 1986 3785 interruptionem
2035 3703 2175 3769 sine
2223 3704 2357 3769 ulla
2404 3703 2817 3769 dubitatione
2862 3702 2933 3767 in

582 3811 810 3877 mediis
858 3811 1548 3891 comprehensionibus
1596 3810 1752 3891 poni
1800 3829 2010 3891 posse.
2103 3810 2402 3890 Denique
2450 3811 2614 3897 οἶμαι
2661 3811 2930 3875 verbum

583 3918 754 3997 quod
804 3919 909 3998 24,
962 3919 1044 3980 27
1093 3916 1357 3999 legitur,
1407 3922 1640 3998 utpote
1689 3936 1817 3997 quo
1866 3916 2254 3983 brevissima
2303 3916 2673 3982 sententiae
2720 3916 2935 3980 inter—

583 4022 804 4105 ruptio
851 4024 988 4104 fiat,
1051 4023 1238 4088 uncis
1298 4023 1545 4088 includi
1591 4042 1723 4087 non
1774 4042 1919 4088 esse
1967 4042 2235 4088 necesse
2282 4042 2469 4088 nemo
2516 4020 2936 4087 infitiabitur.

759 4131 1120 4210 Postquam
1157 4129 1364 4213 igitur-
1395 4131 1476 4194 de
1512 4128 1642 4195 illis
1687 4129 1851 4195 locis
1898 4130 2008 4210 qui
2056 4129 2138 4194 ad
2186 4128 2633 4210 parenthesim
2680 4127 2928 4211 signifi-

583 4238 860 4303 candam
899 4236 1086 4333 uncis
1133 4243 1384 4317 carent,
1436 4236 1602 4301 satis
1635 4235 1899 4317 copiose
1931 4235 2197 4319 egimus,
2248 4241 2462 4301 restat
2510 4241 2585 4300 ut
2614 4234 2939 4299 nonnulla

583 4344 662 4408 de
696 4342 962 4423 reliquis
990 4344 1072 4407 22
1106 4342 1234 4407 11118
1268 4342 1776 4424 parenthesibus
1808 4343 2144 4422 addamuS‚
2182 4360 2571 4423 quamquam
2591 4341 2936 4407 Vahlenus
