3417 5059
1505 398 1903 461 -8-

521 598 888 673 postquam,
941 612 1071 673 qua
1119 599 1223 657 est
1269 611 1484 657 rerum
1521 592 1953 657 humanarum
2003 592 2262 674 peritia,
2315 592 2513 658 facile
2562 598 2629 658 et
2676 595 2879 660 homi-

518 718 668 764 num
736 698 1067 779 proprium
1141 717 1284 764 esse
1363 698 1529 763 dixit
1602 698 1984 778 praesentia
2044 699 2458 780 vituperare,
2535 701 2877 766 contendit

517 826 648 870 non
698 824 861 886 pace
908 824 1076 885 quae
1123 809 1266 869 toto
1317 806 1472 869 orbe
1519 809 1847 869 terrarum
1897 804 2003 884 sit,
2069 806 2184 869 sed
2230 825 2470 889 magna
2510 805 2875 887 cupiditate

499 902 806 993 ⁴habendi
870 930 1237 993 magnoque
1302 910 1668 991 voluptatis
1730 930 1950 976 amore
2016 910 2343 976 hominum
2404 918 2471 977 et
2539 919 2874 978 oratorum

517 1019 770 1083 animos
819 1016 1162 1097 corrumpi.
1260 1018 1422 1081 Tum
1487 1017 1796 1097 ostendit,
1862 1019 2179 1098 quomodo
2240 1018 2389 1083 istis
2436 1018 2617 1084 vitiis
2676 1027 2875 1100 atque

515 1123 597 1189 iis
663 1143 833 1203 quae
893 1142 973 1189 ea
1030 1128 1410 1203 sequantur,
1481 1123 1761 1188 omnium
1824 1122 2022 1189 animi
2084 1129 2607 1205 corrumpantur,
2677 1131 2751 1190 ut
2803 1126 2871 1190 in

517 1237 655 1295 tam
727 1229 1051 1311 pestifera
1111 1230 1292 1297 vitae
1352 1230 1641 1310 pernicie
1705 1230 1871 1295 liber
1926 1230 2121 1295 iudex
2182 1235 2249 1295 et
2294 1230 2717 1311 incorruptus
2764 1232 2875 1298 vix

518 1337 715 1402 etiam
772 1338 1144 1418 reperiatur
1189 1338 1319 1417 (69,
1373 1336 1499 1421 11).
1613 1336 1797 1419 Quae
1864 1356 2007 1401 cum
2063 1337 2159 1401 ita
2216 1337 2350 1402 sint
2412 1356 2572 1402 suae
2628 1338 2873 1403 aetatis

516 1443 884 1509 hominibus
919 1444 1304 1509 servitutem
1345 1444 1547 1508 multo
1586 1443 1915 1508 meliorem
1954 1461 2100 1507 esse
2137 1443 2463 1509 libertate.
2560 1444 2871 1510 Profecto

519 1569 597 1614 ea
637 1552 841 1615 verba
881 1569 1013 1614 non
1062 1549 1428 1615 adulatoris
1479 1557 1652 1630 sunt,
1704 1568 1833 1614 non
1878 1548 2016 1613 eius
2056 1549 2167 1629 qui
2202 1550 2485 1615 libenter
2522 1569 2657 1615 rem
2704 1554 2870 1631 pub-

519 1656 708 1721 licam
773 1658 857 1721 ab
913 1656 1310 1737 imperatore
1371 1655 1821 1721 administrari
1876 1656 2192 1736 patiatur,
2256 1676 2479 1723 verum
2538 1658 2677 1722 eius
2740 1658 2869 1737 qui,

519 1782 663 1827 cum
732 1761 1081 1845 intellegat
1137 1780 1297 1827 suae
1354 1762 1598 1827 aetatis
1662 1762 1955 1827 homines
2015 1763 2225 1827 libera
2285 1783 2357 1828 re
2417 1763 2679 1844 publica
2740 1783 2869 1828 non

520 1869 716 1933 etiam
783 1868 1016 1951 dignos
1083 1887 1253 1949 esse,
1324 1868 1709 1935 servitutem
1774 1872 1858 1934 ab
1928 1869 2435 1950 imperatoribus
2499 1869 2873 1950 impositam

520 1977 860 2055 adprobet,
912 1980 1142 2056 utpote
1181 1973 1247 2039 in
1287 1994 1456 2054 quae
1493 1994 1622 2040 non
1674 1976 1888 2041 omnia
1928 1976 2093 2043 vitia
2131 1972 2250 2056 per
2288 1978 2503 2041 orbem
2546 1982 2873 2042 terrarum

516 2086 860 2163 vagentur.

694 2188 798 2252 Ea
843 2192 945 2251 est
983 2206 1128 2251 mea
1165 2187 1338 2252 illius
1377 2188 1504 2251 loci
1540 2188 2023 2269 interpretatio.
2114 2189 2327 2254 Aliam
2370 2188 2871 2269 explicationem

517 2292 769 2358 Birtius
817 2312 1064 2359 mecum
1114 2294 1635 2375 communicavit,
1686 2294 1797 2373 qui
1844 2294 2004 2360 dicit
2042 2296 2494 2376 philosophum
2533 2296 2869 2362 inductum

518 2418 690 2477 esse,
791 2400 944 2479 quia
1023 2405 1296 2480 questus
1385 2401 1464 2464 de
1543 2400 1786 2465 amissa
1856 2402 2167 2466 libertate
2209 2398 2422 2467 ‘esset
2505 2394 2916 2469 habendus·
3000 2428 3007 2433 ·

519 2506 595 2571 Id
651 2506 926 2586 auctori,
992 2526 1180 2587 quem
1243 2506 1564 2571 hominem
1625 2506 2013 2593 Graecuml)
2071 2527 2192 2573 nec
2252 2508 2525 2574 civitate
2571 2509 2871 2574 Romana
2924 2549 2929 2555 -

519 2613 884 2692 praeditum
965 2613 1173 2679 fuisse
1247 2614 1670 2694 suspicemur,
1743 2614 1968 2679 facere
2045 2635 2177 2679 non
2247 2614 2526 2680 licuisse.
2644 2618 2871 2695 Itaque

519 2738 662 2782 cum
710 2720 879 2784 tales
918 2726 1192 2799 questus
1230 2720 1358 2785 nisi
1398 2740 1438 2784 a
1477 2720 1619 2786 cive
1658 2721 1955 2785 Romano
1995 2721 2284 2801 proferri
2331 2742 2462 2786 non
2511 2721 2867 2803 potuerint,

516 2825 659 2890 veri
706 2826 910 2890 simile
968 2845 1112 2891 esse
1168 2827 1489 2891 hominem
1536 2828 1905 2892 Romanum
1949 2826 2155 2891 nobili
2200 2846 2439 2909 genere
2489 2835 2701 2892 ortum
2747 2846 2871 2891 nec

519 2930 808 2996 fort-asse
857 2933 1256 2997 Terentiano
1303 2934 1600 3015 ignotum
1646 2933 1773 2997 illis
1821 2933 2041 2999 verbis
2091 2933 2408 2997 denotari.

694 3039 836 3103 Iam
897 3038 952 3103 si
997 3040 1279 3104 Birtium
1336 3057 1698 3120 sequemur,
1763 3059 1916 3104 num
1974 3044 2308 3104 auctorem
2370 3039 2676 3104 sublimes
2726 3058 2869 3104 sen-

457 3180 461 3184 ·
516 3144 765 3209 tentias
805 3146 1168 3211 excoluisse
1208 3146 1640 3229 negabimus?
1709 3146 1991 3210 Minime.
2070 3145 2639 3226 Magnanimitatis
2680 3146 2869 3210 testi-

516 3250 798 3315 monium
848 3252 1044 3316 etiam
1095 3258 1233 3317 tum
1294 3253 1611 3334 manebit,
1686 3253 1743 3317 si
1802 3252 2075 3316 alterius
2136 3251 2505 3333 philosophi
2562 3251 2868 3317 iudicium

515 3355 718 3421 libere
768 3359 1088 3439 exposuit.

694 3465 773 3529 In
832 3465 960 3539 fine
1017 3470 1236 3530 autem
1283 3466 1631 3530 multorum
1680 3468 2026 3532 verborum
2076 3484 2245 3545 quae
2293 3467 2372 3530 de
2418 3464 2528 3529 illo
2576 3465 2719 3529 loco
2770 3464 2869 3530 fe-

519 3570 722 3635 cimus
773 3590 966 3635 uuam
1016 3592 1149 3637 rem
1201 3574 1640 3639 observemus.
1735 3573 1971 3636 Potest
2014 3572 2180 3636 enim
2222 3572 2443 3651 aliqua
2482 3571 2869 3649 sublimitaS,

517 3695 646 3740 non
687 3677 902 3753 animi,
955 3680 1070 3743 sed
1110 3679 1606 3760 sententiarum,
1657 3679 1725 3743 in
1775 3697 1850 3743 eo
1898 3678 2181 3744 inveniri
2228 3679 2398 3758 quod
2445 3678 2871 3759 philosophus

517 3783 597 3846 de
658 3784 928 3863 politica
985 3785 1309 3852 servitute
1370 3786 1685 3865 queritur,
1754 3804 1899 3850 cum
1962 3789 2197 3850 auctor
2243 3787 2323 3850 de
2362 3784 2868 3861 servitutelibi-

516 3888 735 3953 dinum
774 3890 1084 3971 loquatur
1122 3912 1424 3972 novaque
1463 3892 1867 3957 sublimitate
1910 3891 2091 3956 illum
2138 3892 2382 3957 vincat.

694 3997 936 4061 Verum
977 3998 1318 4079 scriptoris
1359 3998 1552 4063 animi
1603 3998 1986 4081 magnitudo
2026 4018 2159 4063 non
2198 3999 2403 4063 solum
2442 4016 2522 4061 ex
2559 3997 2687 4061 illis
2727 3996 2869 4077 phi-

516 4101 853 4183 losophiae
911 4105 1262 4171 sententiis
1318 4124 1487 4185 quae
1538 4106 1622 4169 ad
1668 4104 1875 4172 vitam
1932 4108 2097 4171 bene
2146 4106 2466 4189 agendam
2512 4103 2868 4185 pertinent,

518 4209 632 4273 sed
695 4209 894 4274 etiam
951 4231 1031 4275 ex
1091 4212 1223 4275 alia
1287 4211 1763 4277 sententiarum
1821 4212 1989 4277 serie
2053 4212 2489 4295 intellegitur,
2567 4230 2735 4290 quae
2792 4212 2872 4274 de

695 4438 738 4509 1)
785 4442 871 4507 24,
912 4443 978 4495 21
1019 4446 1136 4508 ἡμῖν
1175 4445 1245 4505 ὡς
1283 4442 1547 4508 Ἕλλησιν.

3366 2484 3409 2602 <41
