3417 5059
1406 361 1851 425 —75-„

452 554 632 620 0111113
686 560 754 623 δὲ
801 560 883 621 6(1
929 556 1162 637 prioris
1211 561 1319 643 μὲν
1365 561 1620 638 spectat
1666 558 2161 643 ἐπισκεψώμεθα
2209 558 2521 623 vocabulo
2566 557 2805 624 finitur.

452 662 577 726 Illa
625 668 859 745 autem,
908 682 1073 743 quae
1117 664 1310 744 longe
1356 663 1562 727 maior
1609 669 1725 745 est,
1773 662 2052 744 scriptor
2098 666 2179 727 (16
2217 662 2382 727 libro
2420 676 2609 743 quem
2646 664 2804 728 an-

456 768 638 833 cilius
694 772 774 833 de
828 768 1230 834 sublimitate
1285 769 1547 850 scripsit
1601 769 1909 834 iudicium
1964 769 2113 851 fert,
2175 770 2297 835 hac
2340 769 2577 835 librum
2622 788 2806 835 suum

455 875 673 956 amice,
739 875 850 955 qui
913 894 982 939 se
1038 878 1120 939 ad
1175 875 1414 940 librum
1469 876 1878 941 scribendum
1932 875 2331 957 incitaverit,
2388 878 2804 941 commendat.

453 983 669 1063 Atque
732 982 913 1047 illam
969 981 1225 1063 quidem
1289 989 1540 1064 partem
1599 983 1698 1047 ita
1754 982 2043 1048 instituit
2099 966 2173 1047 ut
2228 983 2619 1047 sententiam
2674 983 2804 1064 pri-

452 1088 724 1153 mariam
779 1108 946 1168 quae
1001 1095 1142 1153 octo
1201 1088 1354 1153 colis
1403 1089 1789 1170 continetur,
1848 1089 2055 1171 primo
2100 1091 2237 1155 1000
2284 1095 2500 1173 ponat,
2548 1096 2804 1155 senten-

451 1194 580 1259 tias
637 1194 696 1258 ei
753 1195 1183 1261 inservientes
1241 1196 1504 1275 eiusque
1559 1214 1820 1260 causam
1877 1196 2267 1277 adferenteS,
2324 1216 2489 1276 quae
2538 1216 2618 1261 ex
2664 1202 2805 1262 octo

451 1300 604 1364 colis
651 1301 778 1365 illis
825 1307 968 1367 octo
1015 1302 1548 1383 respondentibus
1596 1302 1946 1383 composita
1994 1308 2109 1383 est,
2157 1308 2302 1383 post
2340 1321 2483 1367 eam
2522 1305 2804 1369 collocet.

452 1409 693 1473 Contra
739 1409 1114 1489 posterioris
1160 1409 1368 1490 partis
1416 1409 1743 1474 sententia
1774 1409 2103 1492 primaria,
2151 1428 2317 1489 quae
2343 1410 2589 1475 duobus
2602 1430 2805 1475 mem-

451 1514 588 1579 bris
643 1516 1026 1599 continetur,
1083 1516 1476 1585 sententiam
1531 1516 1654 1597 ipsi
1709 1516 2175 1583 inservientem
2227 1516 2561 1597 ipsamque
2618 1537 2804 1597 prae-

453 1629 811 1707 parantem,
869 1643 1034 1703 quae
1093 1643 1173 1688 ex
1229 1626 1474 1689 duobus
1531 1624 1684 1688 00113
1733 1624 2083 1705 composita
2130 1630 2245 1706 est,
2302 1624 2607 1704 sequitur.
2700 1625 2807 1688 Ita

453 1729 553 1793 bis
609 1736 751 1794 octo
800 1730 952 1795 colis
999 1730 1099 1794 bis
1147 1734 1268 1795 duo
1315 1736 1740 1812 opponuntur.
1834 1732 1959 1795 Sed
2008 1730 2111 1795 1110
2158 1734 2312 1795 ordo
2360 1732 2605 1795 duobus
2653 1730 2806 1795 00113

451 1837 774 1919 turbatur,
822 1838 1052 1917 quibus
1097 1837 1422 1902 sententia
1483 1840 1643 1924 πλὴν
1691 1842 1838 1914 ἴσως
1886 1842 1995 1924 μὲν
2042 1842 2149 1904 τὸν
2196 1840 2389 1922 ἄνδρα
2433 1842 2550 1924 οὐχ
2598 1843 2794 1914 οὕτως

452 1946 769 2008 αἰτιᾶσθαι
829 1956 952 2009 τῶν
1012 1946 1500 2030 ἐκλελειμμὲνων
1549 1947 1632 2021 ὡς
1679 1932 1891 2030 abt-233·
1914 1956 2021 2030 τῆς
2068 1945 2335 2020 ἐπινοίας
2382 1948 2487 2009 καὶ
2534 1947 2807 2029 σπουδῆς

451 2051 618 2128 ἄξιον
675 2052 939 2116 ἐπαινεῖν
997 2050 1353 2134 (ae—28)
1403 2050 1785 2115 continetur.
1886 2052 1989 2114 Ea
2046 2050 2214 2115 enim
2260 2050 2587 2114 sententia
2633 2050 2807 2113 inter

453 2158 613 2220 duas
659 2153 806 2220 illas
852 2162 1075 2237 partes
1122 2176 1281 2236 quas
1329 2160 1512 2221 modo
1560 2156 1972 2222 distinximus
2020 2156 2407 2237 interposita
2456 2161 2569 2221 est.
2663 2157 2806 2239 Qua

455 2281 758 2342 oppressa
791 2262 963 2327 ’011111
1031 2264 1502 2328 sententiarum
1560 2268 1747 2327 tenor
1804 2282 1929 2327 non
1984 2265 2281 2328 deleatur
2336 2302 2423 2309 —-
2478 2283 2627 2327 nam
2683 2262 2807 2327 nisi

453 2372 534 2432 ad
583 2368 1002 2434 severitatem
1048 2369 1270 2434 iudicii
1317 2373 1482 2449 quod
1531 2373 1610 2434 (16
1657 2369 1936 2434 Caecilio
1983 2371 2187 2434 latum
2237 2374 2335 2433 est
2381 2369 2807 2451 mitigandam

452 2494 575 2539 non
631 2475 908 2541 inservit
962 2514 1050 2521 —-
1105 2476 1542 2556 parenthesim
1599 2496 1741 2540 eam
1796 2476 1938 2541 iure
1986 2476 2201 2540 dicere
2246 2495 2593 2559 possumus,
2640 2495 2807 2557 quae

453 2585 536 2646 6(1
581 2582 1048 2648 immutandum
1089 2582 1376 2647 ordinem
1407 2587 1588 2647 modo
1627 2603 1666 2647 a
1704 2582 1889 2647 nobis
1920 2588 2349 2647 monstratum
2373 2583 2533 2648 nihil
2567 2584 2805 2649 valeat.

452 2689 673 2769 Neque
741 2709 896 2755 vero
962 2690 1026 2754 id
1093 2690 1446 2754 omittimus
1513 2690 1745 2773 dicere,
1812 2690 2010 2755 etiam
2078 2710 2219 2755 eam
2274 2691 2715 2771 parenthesim
2772 2710 2807 2755 e

453 2797 696 2859 duobus
761 2796 1064 2861 membris
1129 2795 1492 2861 consistere.
1603 2798 1743 2861 Iam
1810 2817 1963 2862 vero
2028 2796 2082 2861 si
2149 2800 2232 2861 ad
2295 2797 2529 2879 prioris
2598 2798 2807 2878 partis

451 2902 843 2967 sententiam
883 2903 1260 2984 primariam
1299 2902 1707 2985 revertimur,
1757 2903 1891 2967 eius
1924 2922 2174 2983 quoque
2206 2910 2347 2968 octo
2376 2905 2806 2969 membrorum

453 3011 612 3073 duas
668 3015 892 3089 partes
939 3009 1374 3091 discernimus
1429 3010 1866 3092 posteriorem,
1914 3029 2081 3089 quae
2127 3010 2503 3091 primariam
2550 3016 2805 3075 senten-

456 3114 615 3178 tiam
681 3116 948 3180 exhibet
1014 3122 1082 3180 et
1137 3122 1446 3196 quattuor
1492 3117 1797 3181 membris
1846 3116 2231 3199 continetur,
2287 3117 2583 3200 priorem,
2641 3137 2807 3197 quae

455 3222 843 3287 sententiam
891 3224 1310 3304 posteriorem
1356 3229 1712 3305 praeparat
1760 3229 1827 3287 et
1875 3244 1955 3288 ex
2002 3230 2311 3304 quattuor
2358 3224 2511 3288 colis
2559 3242 2805 3304 compo·

457 3328 585 3392 sita
635 3336 748 3393 est.
840 3332 1057 3411 Atque
1103 3330 1339 3395 iterum
1385 3336 1695 3411 quattuor
1735 3330 1921 3395 huius
1952 3330 2411 3411 praeparantis
2442 3330 2807 3395 sententiae

456 3437 744 3499 membra
811 3436 1050 3516 optime
1117 3436 1185 3501 in
1251 3440 1410 3502 duas
1467 3442 1689 3517 partes
1747 3438 2144 3519 dividuntur,
2202 3457 2473 3517 quarum
2530 3442 2807 3517 utraque

455 3541 609 3606 bina
667 3544 806 3605 cola
863 3542 1167 3607 continet.
1269 3544 1326 3607 Ε
1384 3546 1628 3608 duobus
1691 3544 1859 3608 enim
1914 3544 2237 3626 prioribus
2291 3544 2595 3619 membris
2641 3562 2805 3607 00111-

456 3648 736 3728 perimus
784 3648 1023 3713 Caecili
1071 3650 1306 3714 librum
1355 3656 1614 3713 exstare
1662 3650 1773 3729 (1111
1822 3653 1901 3714 (16
1930 3650 2333 3715 sublimitate
2366 3655 2540 3731 agat.
2617 3651 2808 3714 Hunc

454 3754 690 3819 librum
747 3755 1126 3836 scriptorem
1183 3776 1313 3820 una
1370 3776 1511 3821 cum
1548 3756 1877 3821 Postumio
1926 3756 2320 3822 Terentiano
2368 3756 2571 3821 amico
2619 3776 2804 3835 quem

459 3861 826 3941 adloquitur
897 3862 1368 3929 examinavisse
1445 3884 1522 3927 ex
1601 3863 1829 3928 alteris
1903 3863 2071 3937 binis
2136 3864 2291 3929 colis
2356 3862 2806 3945 cognoscimus

461 3968 623 4031 Tum
670 3974 896 4032 auctor
941 3969 1166 4048 quinto
1215 3975 1281 4033 et
1329 3975 1510 4033 sexto
1543 3970 1827 4033 membro
1874 3969 2035 4033 dicit
2081 3970 2203 4034 sibi
2244 3990 2387 4034 eum
2419 3969 2657 4034 librum
2690 3988 2809 4033 1160

458 4074 824 4156 propositae
857 4076 951 4139 rei
990 4076 1372 4140 satisfacere
1403 4095 1612 4155 neque
1643 4081 2005 4158 opportuna
2044 4076 2371 4158 attingere
2403 4076 2613 4142 visum
2653 4094 2806 4140 esse.

458 4181 708 4245 Deinde
774 4182 1043 4264 septimo
1109 4188 1173 4247 et
1240 4188 1470 4249 octavo
1526 4183 1811 4246 membro
1866 4182 2050 4247 addit
2096 4182 2333 4247 Caecili
2389 4182 2627 4246 librum
2683 4201 2809 4246 non

459 4306 760 4369 magnam
807 4287 1178 4371 utilitatem,
1235 4308 1402 4369 quae
1457 4288 1760 4371 scriptori
1806 4288 2084 4353 maxime
2132 4292 2412 4369 petenda
2460 4288 2564 4370 sit,
2609 4291 2806 4353 lecto-

460 4394 638 4459 ribus
693 4396 1024 4476 praebere.
1125 4396 1250 4460 Illa
1306 4401 1524 4460 autem
1579 4394 1891 4476 primaria
1938 4394 2265 4459 sententia
2318 4396 2553 4476 prioris
2600 4394 2809 4476 partis
