3417 5059
706 551 892 614 Haec
937 550 1136 615 habui
1187 570 1355 630 quae
1404 550 1482 614 de
1517 551 1776 616 ratione
1810 550 2137 615 adferrem
2168 570 2298 629 qua
2331 549 2877 634 Pseudo-Longi-

525 676 653 722 nus
703 663 1060 736 praecepta
1130 657 1211 721 de
1276 656 1533 737 tropica
1603 656 1893 721 dictione
1954 657 2133 721 data·
2176 661 2445 721 secutus
2502 665 2695 721 esset.
2810 658 2879 724 Si

502 770 740 849 ,tot-um
771 763 943 841 quod
977 762 1056 826 de
1082 780 1160 826 ea
1185 762 1444 827 ratione
1470 763 1862 843 protulimus
1887 763 2125 827 iterum
2150 762 2366 827 animo
2399 780 2874 844 percurremuS,

527 875 710 933 certe
758 868 1116 932 concedere
1180 887 1307 932 non
1357 869 1801 934 dubitabimus
1852 868 2275 933 sublimitatis
2334 868 2686 949 interpreti
2733 888 2877 934 cum

529 974 896 1040 orat-ionem
961 993 1145 1039 suam
1201 974 1461 1054 tropica
1516 974 1806 1040 dictione
1864 974 2201 1039 sublimem
2268 974 2541 1040 reddere
2598 983 2879 1040 conatus

529 1082 634 1161 sit,
687 1082 961 1162 proinde
1009 1088 1079 1145 ut
1130 1080 1400 1145 meritus
1449 1088 1549 1145 est
1601 1080 2013 1146 successisse.

1665 1276 1744 1341 V.

676 1404 942 1467 >Restat
991 1414 1058 1465 ut
1110 1405 1187 1465 de
1236 1400 1458 1482 quinto
1498 1400 1919 1465 sublimitatis
1950 1404 2147 1482 fonte,
2189 1403 2267 1464 de
2301 1400 2881 1484 compositione,

529 1529 814 1586 agamus,
871 1528 998 1589 qua
1047 1511 1211 1572 duae
1260 1516 1480 1588 partes
1529 1508 1957 1578 continentur,
2007 1507 2375 1587 compositio
2424 1508 2767 1572 verborum
2816 1514 2881 1571 et

530 1615 901 1696 compositio
926 1616 1316 1679 memborum
1344 1614 1668 1678 orationis,
1703 1616 2078 1695 Anonymus
2098 1620 2315 1677 autem
2337 1613 2494 1677 dicit
2515 1612 2882 1697 (XXXIX,

536 1722 637 1805 1.),
704 1742 844 1787 011111
915 1724 994 1784 (10
1066 1720 1146 1783 iis
1220 1722 1412 1785 rebus
1487 1722 1731 1785 duobus
1805 1720 1935 1784 iam
1997 1720 2182 1784 libris
2257 1720 2483 1802 egerit,
2548 1720 2615 1783 id
2688 1741 2882 1788 unum

529 1831 893 1892 addendum
973 1846 1126 1895 esse.
1203 1826 1603 1891 harmoniam
1677 1847 1803 1891 non
1869 1828 2068 1891 solum
2146 1826 2576 1907 persuadendi
2644 1833 2710 1890 et
2774 1828 2881 1890 de-

530 1934 830 2015 lectandi,
897 1935 1008 1997 sed
1075 1932 1272 1997 etiam
1337 1933 1609 1997 sublime
1677 1933 1931 1997 dicendi
2001 1940 2067 1996 et
2134 1935 2428 1998 adfectus
2483 1933 2715 1997 mirum
2770 1936 2881 1997 ad-

529 2040 883 2104 iumentum
943 2060 1095 2103 esse.
1193 2040 1401 2123 Quam
1458 2040 1849 2104 sententiam
1910 2045 2246 2120 postquam
2317 2040 2609 2120 pluribus
2666 2039 2884 2105 verbis

531 2148 865 2227 amplexus
923 2152 1038 2228 est,
1094 2146 1163 2210 111
1218 2147 1353 2210 1000
1410 2149 1681 2226 quodam
1740 2146 2232 2210 Demosthenico
2287 2147 2611 2211 laudando
2659 2149 2882 2227 dacty-

531 2253 685 2317 licos
732 2273 1028 2319 numeros
1077 2260 1145 2317 ut
1194 2252 1719 2334 generosissimos
1767 2264 1829 2315 et
1880 2252 2344 2332 pulcherrimos
2392 2259 2459 2316 et
2505 2256 2588 2317 ad
2635 2252 2882 2334 magni-

532 2360 818 2424 tudinem
869 2359 1269 2423 efficiendam
1312 2359 1674 2439 aptissimos
1707 2361 2124 2422 commendat.
2203 2360 2424 2439 Neque
2456 2358 2660 2439 igitur
2691 2359 2886 2423 aliter

529 2466 778 2531 iudicat·
833 2486 1022 2546 quam
1080 2466 1428 2547 Dionysius
1490 2466 2041 2533 Halicarnasseus
2108 2466 2216 2545 qui
2274 2466 2552 2547 dactylis
2609 2466 2884 2530 maxime

531 2572 1078 2650 magnificentiam
1129 2572 1295 2635 effici
1344 2571 1502 2636 dicit
1550 2570 1658 2655 (de
1706 2592 1902 2652 comp.
1939 2573 2116 2637 verb.
2161 2592 2209 2635 c.
2251 2573 2399 2655 22).
2449 2592 2591 2636 cum
2638 2577 2888 2636 constet

531 2680 871 2744 Aristoteli
931 2698 1036 2743 eos
1094 2678 1435 2759 ampliores
1491 2679 1661 2745 visos
1720 2699 1857 2741 esse
1919 2679 2109 2761 (rhet.
2169 2681 2227 2759 3,
2285 2678 2389 2761 8.).
2479 2678 2708 2758 Uapite
2765 2680 2886 2742 XL
2974 2740 2979 2745 .

533 2788 758 2850 rhetor
821 2790 900 2850 de
965 2786 1248 2850 numeris
1311 2775 1485 2865 loqui
1551 2784 1793 2865 pergit3
1860 2784 2171 2849 orationis
2226 2786 2512 2848 membra
2570 2785 2637 2849 in
2693 2805 2887 2850 unum

535 2893 868 2974 periodum
917 2901 1142 2956 coacta
1180 2911 1588 2956 numerorum
1629 2892 1903 2957 vinculis
1936 2892 2243 2975 concludi,
2294 2912 2369 2955 ac
2400 2893 2633 2956 multos
2664 2896 2889 2972 poetas

531 3000 642 3080 (1111
705 2999 858 3063 altis
917 2998 1146 3063 animis
1201 3018 1327 3062 non
1383 2998 1645 3078 fuerint,
1703 2999 1974 3062 multum
2030 3000 2265 3061 debere
2321 3017 2699 3062 numerosae
2746 3018 2887 3061 ora-

533 3106 728 3169 tionis
777 3105 1232 3186 compositioni.
1496 3103 1500 3108 ’

714 3213 876 3276 Tum
925 3213 1169 3276 duobus
1200 3211 1533 3292 Euripidis
1580 3210 1737 3274 locis
1786 3211 2024 3274 adlatis
2072 3210 2138 3273 in
2184 3211 2309 3274 fine
2357 3211 2590 3292 capitis
2626 3211 2887 3291 paulum

534 3320 804 3382 obscuro
861 3337 1193 3382 numerum
1250 3337 1377 3381 non
1430 3317 1740 3383 brevibus
1788 3317 2058 3398 syllabis
2103 3317 2538 3400 festinantem,
2588 3320 2696 3381 sed
2748 3336 2890 3381 eum

535 3425 694 3488 1111111
741 3424 1002 3490 videtur
1049 3427 1492 3488 commendare
1533 3424 1642 3504 qui
1685 3424 1955 3504 syllabis
1986 3442 2111 3487 non
2144 3424 2345 3488 solum
2376 3428 2632 3505 natura,
2665 3442 2891 3489 verum

536 3531 736 3595 etiam
802 3531 1118 3612 positione
1183 3530 1392 3612 longis
1459 3533 1775 3594 tardetur.
1896 3531 2059 3594 Nam
2126 3530 2179 3593 si
2243 3530 2340 3594 ita
2404 3530 2593 3593 finem
2660 3529 2892 3611 capitis

535 3639 660 3701 XL
717 3638 1242 3717 interpretamur,
1311 3638 1474 3701 bene
1541 3656 1682 3700 cum
1738 3636 1821 3700 iis
1876 3636 2174 3718 congruit
2230 3655 2396 3715 quae
2453 3636 2686 3717 capitis
2734 3637 2891 3700 XLI

537 3744 724 3809 initio
772 3746 1174 3808 adferuntur.
1267 3744 1368 3807 Ibi
1417 3748 1643 3807 auctor
1689 3744 1870 3807 nulla
1918 3763 1989 3807 re
2036 3742 2500 3808 sublimitatem
2549 3747 2891 3824 tantopere

537 3851 827 3915 imminui
874 3851 1032 3915 dicit
1079 3869 1270 3930 quam
1317 3868 1581 3914 numero
1628 3851 1840 3914 fracto
1874 3857 1940 3913 et
1973 3849 2184 3931 celeri,
2232 3854 2307 3914 ut
2351 3848 2714 3932 pyrrichiiS,
2762 3856 2890 3914 tro-

540 3958 771 4039 chaeis,
838 3957 1170 4021 dichoreis.
1282 3960 1438 4021 Cum
1505 3962 1722 4021 autem
1788 3958 2122 4023 trochaeos
2186 3956 2316 4019 illis
2381 3955 2613 4036 quibus
2669 3961 2895 4031 auctor

537 4062 666 4128 fuit
721 4064 1115 4145 temporibus
1170 4065 1546 4145 plerumque
1611 4083 1737 4128 non
1793 4067 1988 4144 pedes
2053 4083 2321 4143 quorum
2385 4064 2704 4144 syllabam
2758 4065 2892 4128 lon-

539 4189 689 4251 gam
737 4170 956 4236 brevis
1002 4171 1295 4251 sequitur
1342 4173 1454 4234 sed
1503 4176 1638 4255 tres
1679 4171 1968 4252 syllabas
2000 4171 2251 4252 breveS,
2300 4188 2459 4250 quas
2491 4170 2894 4252 tribrachym

542 4276 756 4340 dicere
812 4278 1270 4360 consuevimus
1327 4277 1805 4359 intellegerent,
1862 4279 2161 4341 choreum
2216 4281 2435 4359 autem
2479 4275 2661 4340 illum
2709 4296 2895 4356 quem

541 4384 914 4448 trochaeum
961 4385 1294 4463 appellare
1341 4385 1630 4465 solemuS,
1686 4384 1755 4447 hi
1795 4376 1935 4448 'tres
1990 4386 2185 4465 pedes
2243 4384 2327 4448 ab
2385 4401 2458 4447 eo
2514 4382 2897 4448 reiciuntur:

2544 4506 2578 4559 5
