3417 5059
1535 390 1622 398 --
1716 352 1979 417 74—

582 546 738 627 quin
789 547 926 612 alta
963 566 1126 613 voce
1172 548 1493 627 quaedam
1540 548 1809 613 recites:
1861 549 2025 613 adeo
2074 548 2313 613 cursim
2360 548 2669 614 feruntur
2715 549 2931 615 omnia

583 658 652 719 et
698 654 1218 734 provolvuntur.’

741 762 899 831 Iam
939 762 1023 825 ad
1061 767 1419 825 extremam
1458 760 1664 825 totius
1703 760 2193 826 dissertationis
2226 768 2481 843 partem
2514 769 2931 828 transeamus

583 886 662 932 ac
710 868 790 932 de
839 866 1406 946 compositione
1456 866 2036 932 sententiarum
2085 886 2377 949 agamus.
2464 869 2691 947 Neque
2736 868 2931 934 huius

584 973 1125 1053 compositionum
1173 974 1432 1055 generis
1479 973 1686 1038 multa
1735 981 1969 1039 auctor
2016 973 2194 1038 dedit
2243 982 2618 1055 praecepta,
2682 994 2927 1057 verum,

505 1139 511 1145 .
584 1079 889 1158 quoniam
945 1081 1198 1145 duobus
1255 1078 1442 1145 libris
1490 1079 1554 1145 id
1603 1080 1733 1144 iam
1789 1086 2225 1155 tractaverat,
2283 1098 2495 1160 pauca
2544 1087 2803 1145 tantum
2850 1082 2930 1145 de

583 1204 658 1250 eo
726 1185 970 1251 attulit.
1081 1187 1204 1250 Illa
1273 1186 1442 1250 enim
1510 1186 2005 1266 comparatione
2062 1186 2249 1251 nobis
2306 1206 2436 1251 non
2484 1186 2733 1269 ignota,
2800 1206 2931 1266 qua

584 1291 950 1357 orationem
997 1311 1142 1357 cum
1181 1311 1478 1373 corpore,
1529 1292 1849 1357 orationis
1887 1293 2177 1357 membra
2224 1311 2365 1357 cum
2401 1284 2695 1373 corporis
2734 1310 2931 1357 mem-

581 1398 720 1463 bris
769 1405 1128 1480 comparat,
1165 1400 1502 1479 periodum
1535 1418 1704 1478 quae
1740 1398 2061 1464 dissoluta
2109 1405 2173 1463 et
2204 1398 2271 1462 in
2306 1400 2671 1480 complures
2703 1406 2930 1479 partes

583 1505 884 1585 dispersa
942 1505 1028 1570 sit
1089 1505 1514 1570 sublimitatis
1570 1505 1733 1570 nihil
1788 1505 1856 1569 in
1922 1524 1991 1569 se
2047 1506 2291 1571 habere
2348 1504 2526 1587 dicit,
2596 1523 2740 1570 cum
2786 1512 2933 1571 tota

583 1612 895 1692 periodus·
955 1611 1244 1677 sublimis
1299 1611 1434 1691 fiat,
1493 1599 1559 1676 'si
1623 1612 1884 1693 singula
1938 1613 2229 1676 membra
2284 1612 2352 1675 in
2410 1631 2608 1677 unum
2665 1612 2931 1676 coniun-

583 1726 829 1801 gantur
875 1719 1043 1802 (XL,
1082 1720 1159 1803 1).
1253 1720 1357 1783 Ad
1405 1738 1574 1798 quae
1622 1718 1841 1798 capite
1890 1718 2086 1782 XLII
2134 1718 2318 1783 addit
2367 1718 2566 1782 nimia
2615 1718 2931 1783 orationis

581 1824 912 1891 brevitate
945 1864 1032 1870 -
1067 1843 1208 1889 eam
1266 1825 1660 1891 brevitatem
1718 1824 1877 1890 dicit
1934 1843 2103 1904 quae
2159 1826 2441 1890 solorum
2497 1826 2930 1889 membrorum

581 1932 684 1996 vel
734 1931 1084 1996 incisorum
1132 1951 1252 1996 usu
1301 1931 1592 1996 efficitur
1615 1970 1702 1977 —-
1728 1930 2092 1996 orationem
2140 1932 2364 1996 eodem
2402 1932 2591 1997 modo
2633 1951 2759 2010 quo
2808 1930 2929 1995 im-

580 2038 832 2102 modica
877 2037 1288 2120 longitudine
1343 2038 1562 2103 minui.
1666 2038 1849 2102 Haec
1897 2036 2036 2102 fere
2085 2058 2125 2101 a
2172 2038 2495 2118 scriptore
2543 2039 2623 2102 de
2669 2036 2929 2101 sublimi

583 2137 1050 2225 compositione
1089 2144 1568 2209 sententiarum
1600 2151 2039 2226 exponuntur.
2113 2146 2339 2223 Neque
2373 2144 2633 2208 omnino
2674 2150 2931 2209 veteres

580 2251 650 2315 in
697 2269 841 2315 eam
888 2270 1022 2315 rem
1072 2257 1206 2315 tam
1255 2252 1518 2332 penitus
1564 2250 2047 2331 inquisiverunt
2078 2270 2272 2330 quam
2318 2249 2387 2315 in
2435 2270 2737 2315 numeros
2787 2268 2931 2315 ora-

581 2358 850 2422 tionum.
956 2358 1385 2423 Recentiores
1432 2378 1590 2423 vero
1616 2378 1782 2439 ,eam
1828 2358 2279 2438 quaestionem
2326 2357 2704 2421 accuratius
2752 2363 2930 2421 trac-

579 2472 913 2543 taverunt,
987 2465 1167 2529 velut
1224 2465 1606 2545 Ludolphus
1662 2465 1975 2529 Dissenus
2040 2464 2389 2529 dilucidam
2456 2466 2535 2529 de
2591 2469 2927 2528 structura

580 2570 995 2650 periodorum
1045 2570 1336 2635 oratoria
1375 2570 1902 2636 dissertationem
1949 2570 2208 2650 scripsit
2258 2576 2324 2635 et
2364 2569 2814 2635 Volkmannus
2860 2569 2929 2633 in

578 2676 746 2741 libro
805 2676 917 2756 qui
974 2678 1054 2742 de
1112 2684 1257 2741 arte
1315 2677 1646 2742 rhetorica
1702 2678 2107 2741 Graecorum
2165 2684 2230 2741 et
2288 2677 2731 2741 Romanorum
2789 2676 2928 2759 agit

579 2782 862 2862 itemque
909 2782 1202 2847 Blassius
1248 2782 1315 2847 in
1364 2782 1530 2848 libro
1580 2802 1771 2862 quem
1818 2785 1899 2848 de
1946 2782 2322 2862 eloquentia
2360 2782 2619 2848 Graeca
2666 2782 2927 2863 scripsit

579 2889 851 2954 subtiles
908 2890 996 2953 de·
1045 2908 1124 2953 ea
1182 2889 1674 2955 observationes
1730 2889 1793 2953 in
1844 2888 2053 2953 lucem
2101 2891 2537 2970 protulerunt.
2640 2889 2929 2972 Quorum

577 2995 892 3077 imprimis
940 2996 1190 3076 scripta
1237 3003 1498 3060 secutus
1545 2996 1893 3060 nonnullas
1940 2996 2090 3060 libri
2122 2995 2424 3077 periodos
2472 2996 2640 3080 elegi
2671 3015 2928 3061 earum-

579 3122 704 3182 que
752 3109 1155 3167 structuram
1217 3101 1608 3181 exanimavi,
1669 3109 1737 3166 et
1795 3121 2187 3181 quamquam
2243 3122 2373 3167 non
2430 3103 2663 3185 negari
2709 3109 2928 3184 potest

578 3209 1239 3291 Pseudo-Longinum
1264 3215 1444 3273 ——ut
1483 3208 1760 3272 Vahleni
1793 3208 2009 3273 verbis
2048 3216 2303 3273 utar—
2330 3208 2641 3274 immensa
2680 3208 2928 3274 oratio-

580 3315 680 3379 nis
746 3315 1175 3395 amplitudine
1241 3334 1308 3379 se
1372 3316 1626 3379 iactare
1691 3315 1919 3393 solere,
1990 3322 2060 3380 ut
2128 3334 2611 3394 nonnumquam
2666 3316 2805 3396 ipse
2860 3314 2928 3378 in

579 3420 939 3502 periculum
987 3441 1054 3486 se
1100 3421 1416 3501 inmittat,
1468 3440 1508 3485 a
1557 3441 1683 3500 quo
1734 3420 1993 3486 dicendi
2042 3421 2206 3485 artis
2252 3420 2577 3486 studiosos
2614 3439 2927 3488 revocare

577 3528 740 3608 vult,
811 3535 1031 3592 tamen
1089 3530 1210 3592 hoc
1267 3528 1326 3591 ei
1384 3528 1668 3593 dandum
1727 3534 1826 3591 est
1890 3546 2165 3609 magnas
2219 3526 2365 3591 illas
2430 3527 2731 3607 periodos
2795 3547 2929 3592 non

578 3634 718 3698 sine
784 3641 930 3698 arte
999 3633 1383 3699 aedificatas
1449 3652 1603 3699 esse.
1722 3633 1906 3716 Quae
1964 3652 2067 3699 res
2124 3640 2197 3697 ut
2254 3634 2740 3699 demonstretur
2797 3634 2929 3699 iam

577 3740 735 3804 mihi
780 3740 979 3805 liceat
1027 3739 1302 3820 primam
1347 3740 1500 3806 libri
1538 3739 1897 3822 periodum,
1949 3759 2117 3819 quae
2156 3738 2393 3821 capitis
2440 3738 2632 3820 primi
2668 3739 2929 3805 initium

581 3855 698 3925 est,
740 3865 859 3926 per
891 3854 1117 3928 partes
1156 3848 1514 3928 explanare
1551 3854 1619 3911 et
1655 3848 2019 3929 ostendere,
2061 3866 2253 3926 quam
2288 3846 2638 3911 artificiose
2670 3846 2929 3928 singula

577 3954 868 4017 membra
914 3953 1090 4018 inter
1135 3974 1202 4019 se
1251 3955 1708 4035 respondeant.

757 4062 976 4140 Atque
1022 4059 1138 4124 illa
1184 4060 1440 4140 quidem
1487 4060 1787 4141 periodus
1836 4079 1963 4140 qua
2008 4059 2285 4141 scriptor
2324 4059 2605 4140 exponit,
2638 4080 2753 4124 cur
2782 4061 2929 4124 sub-

578 4165 923 4230 limitatem
955 4170 1366 4231 tractandam
1398 4166 1771 4248 susceperit,
1803 4166 1871 4230 in
1904 4168 2065 4230 duas
2087 4184 2357 4247 magnas
2380 4172 2620 4248 parteS,
2659 4186 2931 4246 quarum

579 4273 794 4336 altera
841 4272 1036 4337 alteri
1084 4276 1445 4356 respondet,
1495 4273 1705 4339 divisa
1755 4279 1869 4337 est.
1962 4272 2153 4337 Prior
2199 4276 2433 4355 autem,
2482 4272 2586 4338 cui
2633 4278 2742 4359 μὲν
2780 4292 2929 4353 par-

579 4378 781 4442 ticula
826 4379 1180 4460 praemissa
1229 4386 1344 4461 est,
1392 4398 1591 4459 usque
1639 4382 1721 4443 ad
1770 4383 2035 4446 ἐπαινεῖν
2076 4381 2135 4462 2,
2184 4381 2223 4444 8
2262 4379 2565 4461 pertinet,
2598 4379 2931 4461 posterior,
