3417 5059
1551 353 1994 416 —76-

601 554 716 613 est.
823 548 1132 628 Sequitur
1202 554 1342 611 octo
1408 547 1712 612 membris
1778 548 2245 613 sententiarum
2311 554 2499 613 tenor
2554 549 2787 629 quibus
2839 551 2953 615 illa

555 704 558 707 «
600 656 1016 721 confirmatur
1073 660 1141 719 et
1197 654 1435 719 clarius
1495 654 1853 735 exponitur.
1956 655 2177 719 Etiam
2224 657 2383 719 haec
2439 656 2757 737 posterior
2802 676 2953 738 pars

597 762 793 827 facile
839 762 908 826 10
957 765 1116 826 duas
1163 765 1386 853 partes
1436 760 1770 842 dividitur,
1820 780 1985 840 quae
2032 761 2163 827 illis
2195 764 2275 825 de
2313 761 2543 841 quibus
2575 766 2757 827 modo
2790 763 2952 827 dixi-

598 888 738 933 mus
794 871 958 933 bene
1015 871 1421 949 respondent,
1480 887 1623 931 cum
1678 868 2063 950 sententiae,
2121 887 2287 948 quae
2342 869 2693 949 primariae
2748 870 2951 935 inser-

600 976 808 1057 viunt,
864 974 1072 1055 primo
1127 975 1266 1037 loco
1313 973 1563 1054 positae
1611 974 1759 1055 sint,
1810 993 1926 1038 eae
1974 974 2205 1053 quibus
2251 975 2632 1057 inserviunt,
2680 996 2952 1056 sequan-

600 1088 724 1147 tur.
826 1083 1044 1159 Atque
1101 1080 1238 1144 eius
1297 1080 1554 1159 quidem
1603 1080 1811 1161 partis
1858 1080 2063 1161 primo
2110 1084 2394 1145 membro
2442 1082 2643 1147 omnis
2690 1086 2769 1147 de
2809 1089 2953 1147 arte

598 1188 820 1268 aliqua
894 1187 1248 1267 disputatio
1316 1189 1438 1250 duo
1512 1188 1843 1267 postulare
1916 1187 2169 1270 dicitur,
2236 1207 2504 1267 quorum
2568 1188 2763 1269 prius9
2828 1208 2952 1269 quo

599 1295 966 1376 explicatur
1011 1296 1091 1358 de
1139 1312 1266 1373 qua
1316 1312 1386 1357 re
1435 1298 1689 1375 agatur,
1748 1297 2024 1358 secundo
2071 1295 2354 1358 membro
2404 1295 2763 1377 exponitur,
2810 1316 2953 1360 cum

599 1423 679 1467 ex
740 1406 973 1481 quarto
1031 1400 1486 1481 intellegamus
1533 1402 1810 1463 alteram
1860 1419 1997 1463 esse
2044 1402 2483 1479 quaestionem
2531 1405 2839 1481 quomodo
2887 1408 2954 1467 et

602 1508 834 1588 quibus
882 1506 1136 1572 artibus
1190 1506 1307 1570 illa
1367 1524 1471 1569 res
1517 1505 1586 1569 in
1631 1505 2090 1586 possessionem
2128 1513 2415 1572 nostram
2464 1508 2688 1573 venire
2736 1510 2952 1592 1103311,

597 1635 790 1695 quam
847 1634 980 1679 rem
1048 1613 1271 1677 ordine
1337 1617 1609 1693 tantum,
1676 1631 1803 1676 0011
1870 1614 1937 1677 vi
2004 1614 2421 1695 posteriorem
2470 1634 2607 1679 esse
2665 1635 2710 1678 0-
2756 1616 2952 1681 tertio

594 1723 878 1785 membro
927 1719 1376 1802 cognoscimus,
1449 1720 1630 1801 Quae
1680 1739 1821 1783 01110
1868 1720 1967 1783 ita
2014 1720 2161 1802 sint,
2204 1726 2423 1785 tamen
2464 1728 2689 1785 auctor
2728 1723 2952 1801 quinto

595 1829 878 1891 membro
943 1832 1010 1891 et
1075 1833 1258 1890 sexto
1324 1825 1482 1889 (licit
1539 1826 1888 1890 Caecilium
1954 1833 2257 1891 naturam
2314 1827 2731 1892 sublimitatis
2788 1838 2951 1893 tam-

596 1954 789 2013 quam
835 1936 1008 2015 apud
1046 1932 1278 1998 inscios
1319 1922 1610 2013 plurissus
1643 1933 1863 1997 verbis
1906 1934 2349 2015 explicavisse,
2397 1954 2538 1998 cum
2573 1954 2714 1999 eam
2757 1955 2952 2014 quae-

597 2040 871 2105 stionem
929 2060 1056 2119 qua
1113 2044 1536 2121 cognoscatur
1584 2042 1893 2117 quomodo
1940 2046 2242 2104 naturam
2290 2047 2575 2105 nostram
2625 2044 2707 2105 ad
2754 2062 2951 2121 quen-

597 2150 744 2211 dam
817 2145 1282 2227 magnitudinis
1363 2149 1637 2227 gradum
1728 2148 2085 2227 provehere
2167 2148 2475 2228 possimus
2558 2149 2742 2227 quasi
2826 2168 2950 2214 non

595 2252 1027 2317 necessariam
1083 2252 1387 2334 omiserit,⁴
1444 2252 1510 2316 id
1567 2256 1735 2332 quod
1792 2253 2062 2333 septimo
2118 2256 2401 2318 membro
2451 2262 2516 2318 et
2564 2253 2793 2320 octavo
2842 2275 2950 2319 ex-

597 2359 872 2440 ponitur.
915 2362 940 2387 ·
2827 2439 2831 2442 ,

773 2468 913 2529 Iam
959 2465 1075 2529 illa
1121 2485 1274 2547 pars
1323 2466 1630 2547 sequitur,
1680 2485 1873 2545 quam
1920 2466 2359 2546 parenthesim
2399 2487 2537 2531 esse
2574 2488 2771 2549 supra
2818 2474 2950 2533 sta-

598 2573 854 2637 tuimus,
949 2571 1142 2636 Cuius
1191 2573 1437 2661 duobus
1484 2572 1788 2636 membris
1836 2572 2186 2638 (1000111010
2232 2577 2511 2638 fortasse
2570 2595 2793 2640 earum
2849 2595 2947 2639 re-

597 2699 738 2743 rum
789 2698 949 2758 quas
997 2677 1286 2742 omiserit
1332 2697 1458 2742 11011
1505 2685 1640 2741 1001
1689 2682 2119 2743 accusandum
2169 2700 2358 2760 quam
2416 2682 2496 2744 ob
2554 2682 2835 2746 studium
2884 2686 2950 2747 et

595 2785 985 2850 iudustriam
1033 2787 1426 2850 laudandum
1475 2804 1612 2849 esse
1660 2785 1939 2866 scriptor
1986 2786 2158 2851 dicit.
2253 2788 2585 2852 Posterior
2640 2808 2795 2853 vero
2852 2795 2946 2853 to-

596 2892 726 2957 tius
763 2892 1010 2973 periodi
1050 2911 1220 2974 11013,
1260 2911 1426 2972 quae
1465 2892 1907 2972 parenthesim
1946 2894 2239 2974 sequitur
2279 2899 2345 2957 et
2384 2914 2419 2959 e
2452 2901 2763 2975 quattuor
2795 2896 2948 2960 colis

597 2998 910 3080 consistit,
958 2998 1160 3079 priori
1209 2998 1539 3062 contraria
1588 3004 1702 3079 est,
1763 3017 1905 3062 cum
1952 3000 2317 3064 sententiae
2374 3020 2540 3079 quae
2595 3001 2947 3081 primariae

595 3105 964 3171 inserviunt
1006 3105 1065 3169 ei
1108 3107 1517 3187 antecedant,
1557 3106 1718 3169 haec
1748 3104 1890 3185 ipsa
1924 3111 2180 3187 postero
2211 3108 2347 3170 loco
2378 3108 2589 3187 posita
2624 3108 2725 3172 sit.
2784 3110 2947 3173 Nam

596 3218 936 3292 postquam
983 3218 1210 3276 auctor
1255 3211 1460 3292 primo
1509 3217 1576 3274 et
1633 3214 1841 3276 altero
1894 3214 2183 3277 membro
2236 3212 2407 3277 dixit
2462 3234 2531 3277 se
2588 3214 2778 3279 amici
2834 3218 2946 3279 ad-

596 3318 946 3381 monitione
986 3324 1052 3381 et
1090 3318 1545 3382 adhortatione
1583 3322 1666 3382 ad
1706 3318 1943 3383 librum
1981 3322 2059 3382 de
2099 3319 2500 3384 sublimitate
2540 3321 2947 3385 scribendum

597 3429 976 3488 commotum
1025 3443 1179 3505 0330,
1228 3424 1425 3488 tertio
1474 3430 1540 3489 et
1588 3432 1821 3505 quarto
1867 3425 2003 3506 ipse
2053 3428 2135 3489 ab
2176 3427 2379 3490 amico
2417 3427 2585 3508 petit
2624 3434 2696 3491 ut
2734 3447 2946 3492 secum

600 3530 930 3608 examinet
975 3550 1127 3595 num
1175 3530 1516 3611 quicquam
1564 3532 2139 3619 oratoribusuutile
2187 3532 2535 3613 scripserit.
2672 3604 2675 3607 ,

773 3638 877 3700 ΕΧ
925 3637 1024 3700 his
1071 3657 1239 3717 quae
1287 3640 1365 3701 de
1412 3638 1661 3718 primae
1708 3638 1958 3718 periodi
2006 3644 2337 3704 structura
2377 3641 2572 3705 attuli
2608 3641 2803 3705 100110
2849 3641 2944 3704 10-

597 3743 820 3825 tellegi
869 3742 1094 3823 opinor
1139 3744 1518 3824 scriptorem
1566 3764 1805 3826 magna
1854 3750 1999 3809 arte
2045 3746 2114 3809 111
2172 3766 2247 3810 00
2305 3747 2704 3812 aedificanda
2762 3768 2945 3813 usum

597 3869 750 3913 esse.
845 3850 1053 3933 Quam
1101 3855 1313 3915 artem
1351 3851 1559 3932 magis
1598 3850 1797 3915 etiam
1838 3852 2164 3933 cognitum
2202 3853 2285 3916 iri
2323 3859 2495 3935 puto,
2535 3854 2588 3917 si
2628 3858 2709 3919 ad
2749 3857 2943 3936 sylla·

596 3957 824 4020 barum
873 3975 953 4020 ex
1001 3956 1232 4036 quibus
1287 3956 1542 4038 singula
1599 3959 1890 4022 membra
1947 3966 2247 4023 constant
2303 3980 2637 4024 numerum
2692 3968 2967 4042 specta-'

596 4061 894 4128 verimuS.
987 4066 1143 4127 Cum
1193 4063 1362 4127 enim
1409 4063 1561 4128 bina
1611 4064 1821 4145 prima
1877 4067 2017 4130 cola
2074 4064 2311 4146 viginti
2370 4068 2619 4130 duabus
2674 4067 2943 4148 syllabis

597 4168 982 4249 efficiantur,
1017 4169 1286 4234 tertium
1321 4176 1389 4234 et
1421 4177 1725 4251 quartum
1758 4171 1997 4253 viginti
2030 4172 2328 4254 quinque,
2368 4172 2662 4252 quintum
2700 4178 2769 4237 et
2800 4192 2941 4237 sex-

595 4279 730 4339 tum
761 4274 1002 4356 viginti
1037 4294 1286 4359 novem,
1324 4278 1666 4359 septimum
1705 4284 1775 4342 et
1812 4284 2112 4345 octavum
2145 4278 2423 4361 triginta
2452 4300 2582 4345 una
2614 4280 2942 4345 continen-

594 4385 718 4445 tur.
811 4383 918 4445 Ita
965 4401 1174 4462 parva
1221 4383 1478 4462 quidem
1524 4384 1827 4465 gradatio
1877 4404 1915 4449 a
1964 4386 2209 4450 minore
2256 4389 2340 4450 ad
2378 4387 2685 4451 maiorem
2722 4406 2941 4451 nume-

3402 2652 3405 2831 41-
3352 2398 3405 2557 „l-
3395 2276 3405 2299 A
