3417 5059
7 2328 60 2453 'Q‘

1453 318 1896 381 ,21-

500 513 662 579 nihil
723 532 867 578 cum
927 513 1402 579 sententiarum
1461 512 1967 579 traiectionibus
2028 528 2362 575 commune
2422 512 2545 587 est,
2612 506 2847 588 quibus

501 625 736 686 auctor
773 640 885 686 eos
931 621 1031 686 uti
1077 620 1237 685 dicit
1283 619 1393 701 qui
1430 619 1531 686 ira
1569 621 1674 687 vel
1712 625 1891 684 metu
1928 618 2035 686 vel
2072 617 2219 683 aliis
2258 615 2635 682 adfectibus
2673 632 2846 679 com-

501 729 661 793 moti
708 746 964 808 semper
1016 729 1100 792 ab
1146 727 1458 793 instituta
1507 727 1826 793 orationis
1873 726 1983 795 via
2031 727 2344 790 aberrent
2390 722 2682 809 (XXII),
2734 722 2850 787 sed

500 834 908 901 inversiones
968 835 1314 900 verborum
1377 840 1552 915 sunt,
1629 855 1799 916 quae
1866 834 1932 900 in
2004 833 2134 898 fine
2199 818 2849 912 comprehensionum

500 942 712 1006 locum
749 942 1015 1022 habent,
1058 961 1184 1021 quo
1223 940 1453 1027 melius
1494 948 1634 1023 ,aut
1672 943 1872 1007 cadat
1910 944 2031 1007 aut
2064 940 2376 1006 volvatur
2414 936 2646 1003 oratio’
2690 934 2845 1022 (Cic.

502 1048 612 1113 Or.
647 1047 822 1133 229).
885 1048 1272 1130 Anonymus
1319 1068 1711 1130 quamquam
1759 1049 1838 1113 de
1884 1048 1966 1113 iis
2004 1047 2177 1128 quod
2215 1046 2416 1111 sciam
2453 1063 2585 1111 non
2625 1042 2762 1127 egit
2777 1042 2845 1128 ¹),

500 1157 720 1219 tamen
760 1154 1139 1236 saepissime
1177 1154 1258 1220 iis
1296 1155 1524 1221 utitur.
1605 1157 1843 1235 Itaque
1880 1173 2185 1237 magnum
2223 1170 2560 1217 numerum
2606 1149 2848 1216 traiec-

501 1261 751 1327 tionum
784 1262 1014 1346 collegi
1041 1267 1110 1327 et
1133 1262 1443 1343 disposui,
1481 1282 1755 1343 quarum
1782 1280 2020 1328 causas
2053 1258 2435 1341 saepissime
2468 1277 2548 1323 ex
2580 1276 2846 1323 numero

500 1370 898 1449 repetendas
945 1388 1091 1435 esse
1129 1370 1448 1435 neminem
1489 1369 1704 1453 fugiet
1752 1373 1821 1435 et
1869 1368 2143 1433 subinde
2192 1368 2277 1432 ad
2325 1365 2535 1447 prima
2570 1364 2848 1429 maxime

499 1476 798 1556 exempla
854 1477 1207 1543 adnotabo,
1311 1478 1538 1557 Itaque
1565 1558 1570 1562 q
1597 1480 1761 1542 haec
1823 1474 2310 1542 dissertationis
2365 1491 2521 1554 pars
2570 1471 2849 1553 quodam

500 1582 688 1647 modo
737 1601 881 1647 cum
929 1601 1008 1647 ea
1055 1584 1382 1661 cohaeret,
1434 1584 1545 1649 ubi
1590 1585 1670 1649 de
1719 1601 2065 1648 numerosa
2114 1580 2412 1647 oratione
2460 1579 2697 1662 agitur.

673 1689 964 1754 ¹Primum
999 1708 1178 1757 vero
1237 1709 1444 1773 genus
1491 1710 1632 1755 meo
1679 1689 1920 1755 iudicio
1968 1689 2032 1754 id
2082 1693 2185 1753 est
2232 1707 2359 1769 quo
2408 1686 2714 1767 efficitur,
2774 1691 2849 1751 ut

503 1794 995 1862 substantivum
1053 1798 1137 1861 ab
1197 1796 1278 1863 iis
1337 1797 1677 1864 vocabulis
1739 1796 1975 1877 quibus
2032 1795 2278 1861 certius
2326 1793 2736 1877 significatur
2782 1798 2850 1858 et

503 1902 829 1984 definitur,
893 1908 1256 1984 separetur.
1350 1903 1638 1986 Quorum
1683 1906 2033 1971 verborum
2082 1922 2276 1967 casus
2326 1921 2469 1966 cum
2517 1906 2635 1965 aut
2679 1900 2847 1965 idem

504 2028 581 2074 ac
643 2010 1047 2077 substantivi
1109 2018 1226 2076 aut
1283 2011 1630 2095 genetivus
1687 2030 1770 2076 ex
1818 2010 2236 2077 substantivo
2299 2010 2592 2090 pendens
2638 2007 2850 2089 possit

504 2136 667 2196 esse,
730 2116 936 2198 primo
997 2119 1140 2182 loco
1201 2138 1627 2201 permagnum
1681 2118 1939 2183 illarum
1997 2116 2458 2182 traiectionum
2513 2134 2848 2180 numerum

505 2223 611 2287 hic
658 2223 1055 2305 adferamuS,
1119 2224 1357 2306 quibus
1418 2224 1810 2290 attributum
1872 2229 1991 2289 aut
2038 2222 2433 2289 adiectivum
2480 2227 2599 2287 aut
2644 2221 2850 2303 parti-

503 2329 743 2411 cipium
791 2350 832 2395 a
878 2332 1079 2397 verbo
1129 2336 1247 2396 aut
1294 2331 1715 2397 substantivo
1764 2336 1882 2396 aut
1929 2329 2309 2411 pronomine
2358 2332 2474 2394 aut
2523 2328 2848 2395 adiectivo

502 2442 620 2501 aut
680 2437 993 2504 adverbio
1065 2442 1432 2518 separatur.
1536 2438 1636 2503 Ac
1696 2438 1971 2520 primum
2033 2436 2288 2518 quidem
2344 2438 2610 2503 verbum
2670 2435 2849 2501 intra

503 2544 989 2610 substantivum
1029 2549 1098 2609 et
1135 2544 1531 2610 adiectivum
1563 2546 1664 2611 vel
1707 2544 2124 2627 participium
2157 2544 2259 2609 his
2290 2542 2452 2609 locis
2482 2543 2845 2609 invenitur:

503 2654 562 2732 2,
615 2653 699 2715 28
745 2658 856 2738 τὴν
912 2665 1019 2719 τοῦ
1068 2655 1321 2739 ῥήτορος
1367 2657 1559 2732 εὐθὺς
1605 2656 1850 2739 ἀθρόαν
1896 2654 2235 2731 ἐνεδείξατο
2282 2654 2553 2738 δύναμιν.
2652 2652 2712 2731 9,
2768 2652 2849 2715 19

502 2760 736 2844 πολλῆς
812 2762 938 2825 ἐστι
1012 2761 1223 2845 πείρας
1291 2762 1639 2826 τελευταῖον
1714 2762 2107 2847 ἐπιγέννημα.
2228 2759 2331 2839 25,
2397 2760 2479 2822 27
2543 2760 2848 2845 ἀλλοτρίῳ

502 2868 950 2951 θεοφοροῠνται
983 2868 1277 2952 πνεύματι
1311 2866 1576 2952 (iambi).
1648 2869 1753 2947 36,
1793 2867 1873 2929 16
1906 2879 1981 2953 τῇ
2014 2869 2349 2953 ἐπαλλήλῳ
2383 2867 2634 2952 πλήττει
2667 2878 2848 2953 φορᾷ.

501 2972 606 3051 37,
644 2972 724 3034 21
775 2974 1213 3039 λανθάνουσαν
1260 2974 1516 3059 περιέχῃ
1564 2979 1673 3059 τὴν
1710 2976 1934 3060 τέχνην
1973 2973 2330 3059 (paeones).
2416 2973 2521 3054 67,
2567 2974 2644 3036 11
2688 2978 2848 3039 οὕτω

504 3083 750 3145 ἅπασαν
774 3080 1054 3145 δουλείαν
1079 3118 1167 3125 -—
1193 3083 1394 3167 ψυχῆς
1425 3082 1865 3167 γλωττὸκομον
1895 3084 2002 3145 καί
2026 3086 2231 3147 κοινὸν
2256 3085 2331 3147 ἄν
2354 3104 2442 3159 τις
2465 3083 2850 3167 ἀποφήναιτο

504 3188 916 3272 δεσμωτήριον
956 3185 1224 3272 (iambi).
1283 3189 1344 3268 6,
1377 3189 1456 3251 17
1497 3189 1687 3266 ἄλλος
1718 3190 1859 3274 ἡμῖν
1892 3189 2213 3253 ἀπόκειται
2244 3190 2446 3266 τόπος.
2494 3188 2600 3267 66,
2633 3189 2713 3252 13
2752 3211 2850 3252 το-

501 3296 698 3380 σαύτη
724 3295 928 3379 λόγων
952 3296 1220 3381 κοσμική
1245 3318 1333 3373 τις
1357 3296 1565 3382 ἐπέχει
1591 3300 1695 3361 τὸν
1722 3296 1849 3381 βίον
1874 3296 2101 3381 ἀπορία
2126 3293 2481 3388 (paeones).
2525 3295 2629 3370 49,
2652 3295 2732 3357 12
2761 3299 2850 3359 ὅτι

503 3402 558 3465 οἱ
596 3404 936 3487 παθητικοὶ
973 3404 1078 3466 καὶ
1117 3406 1440 3487 φραστικοί
1477 3407 1642 3467 κατὰ
1677 3407 1748 3467 τὸ
1780 3405 2067 3469 πλεῖστον
2098 3406 2309 3480 αὐταῖς
2339 3403 2621 3489 χαίρουσι
2652 3404 2847 3467 τόποι.

681 3505 937 3571 Deinde
994 3507 1484 3573 substantivum
1539 3507 1716 3573 inter
1774 3508 2262 3574 substantivum
2319 3514 2385 3572 et
2432 3507 2851 3589 participium

502 3612 854 3678 intercedit
890 3616 991 3694 17,
1023 3616 1104 3679 16
1136 3618 1504 3701 παρεικάσαι
1545 3640 1632 3694 τις
1663 3620 1737 3683 ἂν
1767 3617 2207 3702 καταδυομὲνῳ
2248 3620 2352 3681 τὸν
2376 3614 2654 3703 Ὅμηρον
2693 3616 2849 3701 ἡλίῳ

503 3719 672 3803 (fere
706 3724 918 3785 octon.
954 3719 1186 3806 iamb.).
1234 3722 1627 3787 Pronomine
1662 3721 2153 3788 substantivum
2185 3723 2267 3786 ab
2300 3722 2623 3789 attributo
2656 3741 2849 3803 sepa-

505 3834 694 3892 ratur
740 3829 843 3909 51,
884 3829 965 3891 12
1012 3831 1537 3915 παρατεθειμὲνος
1584 3828 1637 3895 δ’
1675 3834 1793 3894 οὐκ
1840 3830 2019 3916 ὀλίγα
2056 3834 2161 3895 καὶ
2199 3834 2381 3909 αὐτὸς
2420 3833 2847 3917 ἁμαρτήματα.

507 3934 611 4013 55,
662 3935 702 3997 9
757 3938 797 4021 ἡ
845 3938 1022 4021 φύσις
1077 3940 1148 4000 οὐ
1196 3942 1481 4003 ταπεινὸν
1536 3938 1697 4022 ἡμᾶς
1746 3940 1905 4022 ζῷον
1954 3940 2171 4023 ἔκρινε.
2280 3938 2488 4002 Semel
2536 3936 2848 4003 adverbio

509 4039 808 4104 enclitico
865 4042 1354 4110 substantivum
1402 4048 1468 4106 et
1516 4041 1912 4107 attributum
1960 4042 2397 4125 seiunguntur
2446 4045 2548 4125 70,
2594 4047 2627 4108 1
2679 4047 2850 4125 ἀξίας

689 4198 729 4269 1)
780 4200 899 4253 Nisi
949 4201 1088 4255 forte
1139 4204 1302 4265 λέξεις
1348 4202 1606 4255 vocabulo
1659 4201 1767 4271 (37,
1808 4202 1897 4271 16)
1952 4202 2092 4255 idem
2128 4218 2191 4255 ac
2243 4202 2438 4267 ,verba‘
2490 4202 2849 4272 significatur.

507 4288 609 4341 Cui
645 4289 1083 4356 interpretationi
1126 4290 1182 4344 id
1230 4291 1362 4343 mihi
1409 4290 1626 4345 videtur
1670 4307 1974 4361 repugnare
2018 4292 2157 4359 quod
2194 4298 2384 4346 auctor
2420 4297 2535 4347 toto
2572 4293 2746 4362 capite
2785 4292 2849 4347 de

507 4378 899 4432 sententiarum
937 4379 1344 4434 traiectionibus
1381 4380 1639 4447 loquitur.
1977 4377 1986 4386 ”
