3417 5059
1569 344 2012 407 *22—

616 541 766 602 ποτὲ
806 539 1107 623 ὠφελείας
1145 537 1421 622 (troch.).
1485 538 1834 603 Numerale
1871 559 2001 604 uno
2040 539 2184 604 loco
2224 540 2426 605 verbo
2466 560 2505 603 a
2545 540 2961 607 substantivo

618 644 1015 709 secernitur:
1085 646 1146 723 9,
1188 646 1228 708 5
1255 649 1376 719 ,διὰ
1424 647 1564 732 μίαν
1603 649 1899 732 ἐμφύεται
1937 658 2061 725 τοῖς
2108 649 2314 733 λόγοις
2361 647 2557 713 αἰτίαν
2606 644 2959 733 (paeones).

618 750 761 815 Non
801 771 951 817 raro
986 770 1343 832 pronomen
1377 751 1684 816 attributi
1712 772 1981 817 munere
2011 750 2327 836 fungitur.
2397 752 2596 821 Cuius
2629 754 2961 835 separatio

617 856 718 922 his
747 857 910 923 locis
942 860 1143 925 Verbo
1176 859 1278 922 fit:
1330 859 1434 939 36,
1467 860 1547 923 12
1588 862 1779 939 εὐθὺς
1826 860 1923 926 ἐπ’
1955 864 2119 927 ἄλλα
2159 863 2480 947 μεθήλατο
2519 865 2822 929 ἀσύνδετα
2859 866 2964 928 καί

616 968 1027 1051 ἐπαναφορᾶς.
1079 966 1300 1044 36,17
1340 969 1537 1053 ἀλλην
1583 969 1944 1054 ποιούμενος
1991 970 2279 1055 ἐμβολήν.
2372 969 2476 1050 36,
2528 969 2611 1034 23
2658 973 2698 1056 ἡ
2746 971 2965 1049 ἀταξία

617 1077 796 1139 ποιὰν
844 1075 1278 1160 περιλαμβάνει
1324 1076 1510 1153 τάξιν.
1562 1073 1666 1151 51,
1718 1076 1758 1139 8
1807 1078 1972 1141 ἀλλὰ
2020 1082 2137 1162 μὴν
2180 1079 2324 1141 οὐδὲ
2370 1079 2569 1143 ἐκεῖνο
2630 1080 2835 1162 ἀγνοῶ
2891 1082 2963 1142 τὸ

617 1181 917 1266 δεύτερον.
1012 1180 1118 1259 41,
1169 1180 1208 1245 5
1273 1184 1474 1247 πάντα
1531 1184 1598 1249 δὲ
1652 1187 1732 1247 τὰ
1776 1194 2029 1248 τοιαῦτα
2076 1221 2163 1227 -
2210 1182 2305 1249 ἐπ’
2353 1187 2556 1250 αὐτῶν
2601 1187 2803 1271 ἵστησι
2858 1190 2963 1250 τὸν

615 1289 927 1374 ἀκροατὴν
957 1299 1080 1354 τῶν
1113 1289 1584 1375 ἐνεργουμένων.
1671 1288 1776 1365 25,
1806 1290 1889 1352 26
1928 1291 2036 1355 καί
2070 1314 2143 1376 γε
2180 1292 2419 1372 τούτου,
2461 1292 2732 1376 φίλτατε,
2782 1294 2963 1377 ἀπρὶξ

617 1395 919 1481 ἐχώμεθα
964 1407 1071 1460 τοῦ
1120 1408 1379 1461 σκοποῦ.
1482 1395 1987 1461 Substantivum
2036 1396 2455 1463 substantivo
2504 1398 2587 1461 ab
2638 1398 2963 1463 attributo

617 1500 1053 1580 pronominali
1091 1501 1457 1567 secernitur
1517 1503 1578 1581 8,
1632 1504 1717 1568 10
1772 1507 1915 1569 οὐδὲ
1973 1516 2153 1570 τοῦτο
2202 1506 2547 1591 Ξενοφῶντι
2608 1510 2677 1571 τὸ
2726 1509 2963 1593 ψυχρὸν

617 1610 964 1675 κατέλιπεν.
1059 1608 1406 1675 Adiectivo
1457 1610 1950 1676 substantivum
1989 1616 2055 1675 et
2101 1629 2458 1691 pronomen
2510 1611 2611 1693 12,
2650 1612 2732 1677 15
2772 1631 2963 1693 sepa-

616 1721 852 1781 rantur
882 1722 1107 1794 παντὸς
1139 1719 1518 1804 ὑψηλότερον
1550 1720 1761 1804 λόγου.
1819 1717 2045 1783 Etiam
2076 1718 2396 1784 numerali
2429 1719 2627 1784 semel
2658 1720 2964 1784 substan-

616 1822 825 1889 tivum
856 1844 896 1905 a
927 1823 1308 1904 pronomine
1343 1830 1693 1905 separatur
1730 1826 1831 1906 17,
1861 1826 1928 1889 4:
1971 1830 2387 1905 συντεθεικὼς
2417 1829 2643 1913 ταύτην
2674 1828 2964 1913 δευτέραν

614 1937 724 2017 τὴν
757 1934 1076 1998 ὑπόθεσιν.
1134 1932 1490 1997 Vocabulis
1529 1952 1696 2013 quae
1737 1933 2032 1999 adverbii
2070 1932 2199 1998 vim
2237 1934 2483 1998 habent
2516 1934 2768 1998 duobus
2799 1933 2960 1998 locis

616 2037 1106 2105 substantivum
1153 2060 1192 2102 a
1239 2039 1619 2119 pronomine
1669 2046 2087 2123 segregatur:
2139 2043 2243 2121 21,
2284 2040 2365 2104 10
2414 2046 2596 2126 ὅνπερ
2645 2040 2809 2127 οἶμαι
2856 2046 2963 2107 καὶ

615 2148 713 2211 ἐπὶ
759 2156 881 2212 τῶν
927 2148 1248 2233 χειμώνων
1293 2150 1539 2233 τρόπον.
1652 2149 1756 2228 29,
1800 2148 1884 2211 24
1932 2149 2239 2226 κάκείνοις
2286 2151 2405 2214 ὑπὸ
2453 2148 2794 2233 φιλοτιμίας
2840 2160 2964 2226 τοῖς

614 2255 912 2331 κινδύνοις
985 2255 1399 2341 προσβιβάζει.
1528 2254 1947 2320 Attributum
2012 2260 2232 2320 autem
2298 2255 2471 2334 quod
2536 2234 2617 2319 ex
2683 2253 2961 2319 articulo

615 2358 890 2439 aliisque
920 2359 1260 2426 vocabulis
1299 2360 1605 2426 consistit
1651 2361 1781 2427 nisi
1811 2363 2012 2427 verbo
2062 2383 2102 2426 a
2149 2381 2267 2427 suo
2316 2360 2735 2428 substantivo
2770 2380 2961 2441 sepa-

616 2470 832 2530 ratum
893 2486 1023 2530 non
1091 2472 1210 2532 est.
1302 2468 1470 2533 Sunt
1530 2473 1751 2533 autem
1796 2468 1864 2533 hi
1909 2468 2067 2533 loci:
2129 2470 2188 2551 2,
2235 2471 2315 2533 18
2376 2473 2481 2534 καί
2541 2479 2671 2547 ταῖς
2727 2470 2961 2535 ἑαυτῶν

615 2575 976 2659 περιέβαλον
1016 2576 1320 2653 εὐκλείαις
1366 2580 1470 2641 τὸν
1517 2578 1711 2642 αἰῶνα
1752 2574 1981 2660 (troch.
2030 2595 2176 2641 cum
2212 2575 2538 2661 molosso).
2624 2577 2685 2654 4,
2724 2576 2802 2638 11
2852 2582 2961 2662 τὴν

615 2683 714 2746 ἐπὶ
746 2693 868 2746 τῶν
900 2684 1318 2768 προκειμένων
1349 2685 1650 2768 ἡγήσαιτο
1683 2685 1956 2769 θεωρίαν
1990 2683 2141 2767 (duo
2176 2683 2457 2765 glycon).
2508 2684 2613 2763 31,
2640 2684 2719 2747 17
2756 2686 2789 2748 ὁ
2826 2688 2962 2769 περὶ

616 2790 952 2874 σχημάτων
991 2791 1210 2875 ἐφεξῆς
1240 2790 1527 2855 τέτακται
1558 2792 1745 2868 τόπος
1777 2790 2023 2871 (bacch.
2055 2790 2159 2855 Vel
2200 2789 2403 2874 cret.).
2458 2791 2558 2866 14,
2598 2790 2679 2855 15
2717 2801 2791 2876 τῇ
2823 2793 2962 2856 τότε

615 2897 998 2981 συμπολεμεῖ
1031 2900 1138 2961 καὶ
1170 2900 1622 2982 συγκινδυνεύει
1655 2899 1847 2983 μάχῃ.
1926 2897 2031 2978 37,
2062 2898 2144 2961 16
2176 2903 2284 2983 τὴν
2317 2900 2391 2963 ἐκ
2435 2910 2543 2963 τοῦ
2581 2902 2745 2963 κατὰ
2782 2899 2961 2983 φύσιν

615 3004 824 3088 εἱρμοῦ
863 3004 1167 3082 παντοίως
1205 3008 1355 3089 πρὸς
1394 3005 1608 3089 μυρίας
1638 3009 1868 3090 τροπὰς
1901 3006 2339 3071 ἐναλλάττουσι
2371 3006 2537 3083 τάξιν
2577 3002 2667 3089 (1).
2740 3004 2845 3080 46,
2876 3004 2954 3067 11

615 3113 648 3176 ὁ
695 3116 859 3177 κατὰ
904 3123 1026 3177 τῶν
1073 3115 1388 3197 προδοτῶν
1445 3114 1819 3197 ἐπιπροσθεῖ
1858 3123 1965 3177 τοῦ
2015 3113 2267 3197 ῥήτορος
2315 3114 2513 3196 θυμός
2562 3110 2652 3197 (Ξ).

795 3216 1214 3284 Substantivi
1261 3223 1327 3281 et
1375 3216 1668 3300 genetivi
1716 3220 1798 3282 ab
1848 3238 1923 3281 eo
1972 3217 2321 3299 pendentis
2362 3216 2694 3297 separatio
2735 3218 2962 3281 eodem

613 3325 802 3389 modo
860 3324 1082 3391 verbis
1139 3324 1483 3390 adiectivis
1545 3324 1878 3391 adverbiis
1935 3323 2239 3390 efficitur.
2340 3324 2464 3389 His
2523 3330 2743 3389 antem
2798 3323 2959 3388 locis

615 3431 1104 3496 substantivum
1153 3437 1220 3495 et
1267 3430 1614 3514 genetivus
1661 3432 1879 3497 verbis
1921 3431 2397 3498 dissolvuntur:
2453 3432 2513 3511 4,
2566 3433 2605 3496 2
2654 3435 2804 3517 ὑπὲρ
2850 3443 2957 3496 τοῦ

614 3551 822 3604 κοινοῦ
869 3551 992 3605 τῶν
1039 3540 1392 3625 ἀνθ-ρώπων
1441 3539 1844 3625 ἀποφαίνεται
1892 3540 2041 3625 βίου.
2128 3541 2229 3620 16,
2282 3541 2319 3602 2
2367 3542 2559 3617 εὐθὺς
2605 3541 2669 3605 ἐν
2716 3551 2791 3625 τῇ
2838 3541 2959 3605 εἰσ-

615 3647 768 3731 βολῇ
816 3648 1059 3732 γράψας
1104 3657 1227 3713 τῶν
1276 3648 1497 3732 νόμων.
1572 3646 1672 3719 16,
1710 3647 1746 3708 7
1795 3652 1905 3731 τὴν
1952 3657 2075 3712 τῶν
2112 3644 2431 3731 Ἑλλήνων
2479 3647 2685 3732 ἐπέχει
2733 3648 2957 3731 μάχην.

616 3752 719 3828 27,
765 3752 847 3814 18
884 3758 1034 3837 πρὸς
1071 3758 1176 3818 τὸν
1214 3765 1320 3837 τῆς
1359 3753 1809 3839 ὑστεροφημίας
1848 3755 2007 3830 ὅλως
2040 3758 2121 3838 μὴ
2153 3754 2685 3838 τελεσφορούμενα
2714 3753 2955 3837 χρόνον.

615 3858 720 3937 31,
788 3857 870 3921 19
919 3863 1034 3924 οὐκ
1081 3863 1154 3926 ἂν
1201 3862 1240 3945 ἡ
1285 3871 1560 3946 τυχοῦσα
1621 3861 1929 3945 μεγέθους
1989 3863 2081 3945 εἴη
2144 3860 2326 3945 μερίς.
2420 3859 2526 3936 32,
2579 3859 2659 3921 12
2716 3863 2786 3923 τὸ
2837 3870 2962 3925 τῶν

615 3968 750 4030 ἐκεῖ
789 3968 1430 4051 προκινδυνευσάντων
1474 3968 1747 4044 ’ἐντιθεὶς
1795 3968 2096 4052 φρόνημα.
2190 3966 2295 4044 33,
2348 3966 2427 4028 17
2476 3971 2546 4031 τὸ
2591 3976 2699 4030 τοῦ
2746 3966 2961 4043 τέλους

616 4073 1024 4157 διακέκλοφεν
1092 4078 1301 4159 ὄνομα.
1418 4073 1522 4153 37,
1591 4073 1632 4136 6
1702 4078 1813 4158 τὴν
1868 4078 1986 4159 γὰρ
2053 4073 2415 4158 ἐλευθερίαν
2488 4074 2786 4138 ἀπολλύει
2851 4083 2958 4137 τοῦ

617 4180 862 4265 δρόμου.
927 4179 1032 4257 38,
1073 4180 1122 4269 5,
1151 4186 1262 4265 τὴν
1292 4191 1415 4245 τῶν
1447 4182 1770 4266 νοημάτων
1803 4181 2139 4266 ἀνέστρεψε
2170 4181 2355 4259 τάξιν.
2426 4178 2531 4261 55,
2562 4180 2598 4242 7
2634 4181 2689 4245 οἱ
2721 4182 2958 4245 ἰσόθεοι

617 4288 836 4351 ἐκεῖνοι
897 4290 1001 4351 καὶ
1056 4299 1178 4353 τῶν
1237 4287 1538 4373 μεγίστων
1596 4288 2028 4373 ἐπορεξάμενοι
2088 4293 2195 4372 τὴς
2243 4299 2622 4373 συγγραφῆς.
2717 4285 2820 4367 65,
2874 4286 2956 4349 16

613 4395 654 4478 ἢ
714 4399 950 4478 σωροὺς
1015 4396 1312 4479 ὀνομάσαι
1373 4396 1676 4461 παντοίων
1735 4397 2119 4481 σπερμάτων.
2230 4395 2331 4473 18,
2401 4394 2484 4457 22
2542 4399 2611 4459 τὸ
2671 4404 2791 4459 τῶν
2853 4395 2956 4478 ἐμ-
