3417 5059
1489 338 1933 408 —13-

760 535 837 603 In
887 538 1216 619 primariis
1265 540 1613 606 sententiis
1659 542 1786 606 hae
1834 540 2091 622 positae
2138 546 2326 606 sunt:
2386 542 2489 623 24,
2542 542 2623 605 21
2675 548 2744 608 οὐ
2791 542 2929 610 κατ’

583 649 747 711 ἄλλα
803 648 871 712 δέ
917 672 1050 714 τινα
1095 650 1135 732 ἢ
1182 660 1394 730 ταῦτα,
1454 651 1586 735 ἐμοὶ
1634 653 1823 732 δοκεῖ,
1888 651 2141 735 φίλτατε
2190 650 2550 735 Τερεντιανέ
2612 648 2801 736 (λέγω
2862 653 2929 716 δέ

586 751 688 839 [εἰ]
736 758 842 819 καὶ
902 757 1044 841 ἡμῖν
1106 757 1190 833 ὡς
1235 754 1534 841 Ἕλλησιν
1596 757 1830 841 ἐφεῖταί
1871 780 1924 821 τι
1972 754 2322 842 γινώσκειν)
2377 760 2482 821 καὶ
2544 759 2576 821 ό
2623 758 2927 843 Κικέρων.

584 861 688 941 43,
741 861 824 925 22
887 864 1039 927 ὅθεν
1099 865 1204 925 καὶ
1265 867 1368 927 τὸν
1415 864 1727 929 Πλάτωνα
1789 862 2006 947 (δεινὸς
2059 868 2179 950 γὰρ
2228 866 2322 928 ἀεὶ
2368 867 2506 950 περὶ
2553 876 2765 951 σχῆμα
2812 868 2931 929 κᾶν

581 992 734 1034 τισιν
795 966 1092 1054 ἀκαίρως)
1155 971 1220 1034 ἐν
1280 980 1405 1046 τοῖς
1464 971 1692 1056 Νόμοις
1754 988 1885 1050 eqS.
1940 971 2043 1050 57,
2100 970 2181 1033 15
2240 981 2369 1048 ταῖς
2431 974 2498 1035 δὲ
2559 982 2932 1057 μεταφοραῖς

582 1086 919 1160 γειτνιῶσιν
959 1074 1301 1161 (ἐπανιτέον
1340 1074 1484 1162 γὰρ)
1525 1078 1586 1140 αἱ
1623 1078 1972 1163 παραβολαί
2013 1095 2142 1155 eqS.
2235 1076 2409 1141 Huic
2459 1077 2685 1158 generi
2730 1076 2927 1141 etiam

582 1199 724 1246 eam
772 1180 1216 1261 parenthesim
1276 1183 1774 1247 adnumeremus
1835 1202 2003 1263 quae
2052 1184 2157 1262 66,
2208 1184 2247 1246 6
2297 1188 2536 1248 exstat.
2630 1184 2730 1248 Ibi
2776 1188 2929 1264 post

583 1288 946 1353 subiectum
995 1288 1296 1371 logicum,
1347 1288 1403 1353 si
1449 1289 1546 1353 ita
1593 1290 1771 1370 loqui
1817 1289 1991 1369 licet,
2043 1296 2110 1355 et
2158 1290 2609 1371 praedicatum
2658 1295 2725 1354 et
2771 1294 2928 1355 ante

583 1394 949 1461 subiectum
999 1396 1370 1460 sententiae
1403 1396 1820 1477 parenthesis
1853 1396 2249 1478 interposita
2292 1402 2427 1462 est:
2479 1400 2677 1464 ἐκεῖνο
2726 1399 2927 1484 μέντοι

581 1506 796 1569 λοιπὸν
830 1502 1039 1588 (ἕνεκα
1080 1516 1187 1590 τῆς
1226 1517 1339 1590 σῆς
1370 1506 1876 1591 χρηστομαθείας
1910 1509 2024 1570 οὐκ
2058 1507 2400 1592 ὀκνήσομεν
2435 1504 2925 1592 ἐπιπροσθεῖναι)

581 1614 959 1696 διασαφῆσαι
1008 1629 1138 1689 eqS.

763 1717 864 1794 16,
919 1719 996 1780 11
1061 1716 1476 1797 parenthesis
1538 1723 1690 1797 post
1739 1717 2019 1797 priorem
2068 1723 2323 1799 partem
2373 1718 2745 1784 sententiae
2792 1718 2926 1799 pri-

581 1824 827 1889 mariae
889 1824 1141 1888 duobus
1203 1824 1507 1889 membris
1567 1823 1833 1889 iunctae
1880 1830 2133 1890 exstat:
2200 1832 2269 1892 οὐ
2331 1832 2450 1913 γὰρ
2510 1830 2622 1913 ζῆν
2683 1831 2928 1912 εὔχεται

583 1931 682 2019 (ἦν
741 1937 861 2017 γὰρ
920 1938 990 1997 τὸ
1051 1936 1279 2017 αἴτημα
1335 1943 1442 1997 τοῦ
1489 1936 1690 2017 ἥρωος
1737 1931 2187 2019 ταπεινότερον)
2236 1932 2375 1998 ἀλλ’
2424 1952 2554 2012 eqS.
2647 1933 2727 1997 In
2776 1952 2927 1997 Sen-

581 2038 794 2103 tentia
840 2036 1340 2120 interrogativa,
1406 2056 1573 2117 quae
1640 2057 1721 2101 ex
1783 2038 2037 2103 duabus
2094 2038 2395 2119 partibus
2443 2044 2547 2105 καὶ
2595 2039 2929 2119 particula

583 2145 949 2210 coniunctis
999 2144 1322 2221 consistit,
1390 2145 1808 2225 parenthesis
1856 2149 2009 2225 post
2056 2145 2337 2227 priorem
2386 2150 2641 2227 partem
2687 2146 2931 2229 legitur

583 2253 686 2332 23,
726 2253 835 2316 18:
885 2252 925 2338 ᾖ
975 2253 1176 2338 μέντοι
1224 2254 1494 2339 διαφέρει
1533 2267 1640 2318 τοῦ
1680 2256 1903 2340 ἀρτίως
1940 2255 2257 2340 εἰρημένου
2309 2259 2387 2319 τὰ
2433 2266 2536 2321 νῦν
2576 2256 2929 2340 παραγγελ-

581 2364 811 2446 λόμενα
859 2359 1230 2445 (περιγραφὴ
1270 2362 1390 2446 γάρ
1438 2385 1525 2439 τις
1573 2360 1646 2447 ἦν
1679 2364 1879 2427 ἐκεῖνο
1911 2373 2033 2427 τῶν
2065 2366 2275 2447 ἄκρων
2307 2362 2643 2447 λημμάτων
2689 2364 2795 2425 καὶ
2843 2364 2927 2439 εἰς

582 2470 837 2554 ἑνότητα
895 2466 1199 2551 σύνταξις)
1258 2471 1364 2532 καὶ
1422 2469 1532 2533 τίνι
1590 2470 1879 2532 καθόλου
1938 2486 2069 2547 eqs,
2162 2466 2367 2532 Simili
2425 2466 2682 2531 ratione
2730 2468 2833 2548 54,
2884 2469 2924 2531 9

580 2572 997 2655 parenthesis
1058 2572 1330 2637 inmissa
1392 2578 1520 2637 est:
1597 2572 1699 2658 [τὰ
1746 2572 2087 2660 Ὑπερίδου]
2148 2580 2252 2641 τὸν
2312 2579 2623 2661 ἀκροατὴν
2683 2578 2927 2661 ἠρεμεῖν

581 2685 778 2747 ἐῶντα
827 2680 1048 2765 (οὐδεὶς
1094 2693 1244 2766 γοῦν
1278 2680 1595 2767 Ὑπερίδην
1643 2682 2090 2767 ἀναγινώσκων
2139 2681 2458 2767 φοβεῖται),
2509 2685 2543 2746 ό
2591 2685 2658 2747 δὲ
2706 2700 2837 2761 eqS.

756 2787 893 2851 Iam
958 2806 1070 2851 eas
1119 2788 1548 2868 parentheses
1599 2805 2048 2853 enumeremus
2096 2806 2263 2867 quae
2308 2787 2484 2852 inter
2532 2788 2928 2853 sententiam

581 2893 952 2975 primariam
1015 2899 1083 2958 et
1130 2893 1583 2958 secundariam
1631 2894 2068 2975 interpositae
2117 2898 2287 2958 sunt.
2379 2895 2616 2974 Itaque
2664 2896 2767 2975 35,
2822 2896 2923 2975 19,

581 3001 691 3082 qui
750 3002 930 3065 locus
981 3005 1332 3081 corruptus
1381 3007 1504 3080 est,
1565 3001 1985 3082 parenthesis
2046 3000 2257 3081 prima
2304 3002 2508 3066 verba
2556 3001 2926 3065 sententiae

580 3109 722 3173 sine
771 3107 964 3173 dubio
1013 3107 1366 3189 primariae
1415 3108 1732 3189 sequitur,
1796 3113 1949 3189 post
2010 3108 2452 3189 parenthesim
2516 3114 2733 3172 autem
2794 3127 2926 3172 non

580 3214 806 3280 statim
864 3215 1178 3295 primaria
1241 3215 1574 3281 sententia
1636 3217 1719 3280 ad
1780 3216 1972 3280 finem
2032 3214 2314 3297 ducitur,
2374 3217 2490 3280 sed
2539 3214 2928 3280 secundaria

580 3322 842 3402 incipit:
927 3328 1012 3389 ἔτι
1075 3324 1274 3391 τοίνυν
1339 3323 1428 3407 (ἓν
1485 3326 1603 3409 γάρ
1661 3348 1715 3388 τι
1772 3336 1894 3389 τῶν
1954 3326 2362 3410 ὑψηλοτάτων
2422 3328 2491 3388 τὸ
2547 3321 2929 3408 Ἡροδότειον

578 3429 1001 3513 πεπίστευται)
1051 3432 1102 3495 εἰ
1151 3436 1343 3507 οὕτως
1391 3430 1548 3494 ἔ**.
1637 3431 1741 3510 57,
1780 3431 1819 3493 8
1868 3429 2201 3495 sententia
2251 3428 2643 3494 secundaria
2689 3428 2926 3509 imper-

582 3535 827 3601 fectam
878 3535 1252 3616 primariam
1322 3536 1618 3616 sequitur
1679 3542 1747 3601 et
1814 3538 1899 3601 ad
1967 3555 2110 3602 eam
2177 3536 2528 3601 referenda
2597 3539 2719 3614 est,
2783 3555 2926 3600 cum

581 3643 912 3708 sententia
943 3642 1257 3723 primaria
1304 3642 1686 3708 accusativo
1738 3663 1881 3708 cum
1928 3643 2253 3710 infinitivo
2303 3644 2664 3723 expleatur.
2742 3644 2928 3707 Inter

580 3750 862 3831 priorem
925 3755 1142 3813 autem
1192 3748 1543 3830 primariae
1590 3755 1846 3830 partem
1894 3756 1961 3814 et
2010 3750 2462 3815 secundariam
2510 3749 2925 3829 parenthesis

579 3856 977 3937 interposita
1011 3861 1110 3921 est
1146 3857 1249 3937 57,
1287 3859 1359 3921 8:
1410 3860 1708 3943 προσήκει
1759 3857 1811 3923 δ’
1846 3862 2009 3943 ὅμως
2057 3858 2466 3944 (ἀνακάμπτει
2502 3861 2622 3943 γὰρ
2670 3859 2768 3922 ἐπὶ
2816 3862 2926 3941 τὴν

581 3968 779 4050 ἀρχὴν
826 3967 967 4050 ἡμῖν
1014 3976 1120 4029 τοῦ
1169 3966 1605 4051 ὑπομνήματος
1649 3968 1689 4051 ἡ
1724 3964 2100 4050 παραίνεσις)
2150 3969 2358 4051 ἐπειδὴ
2392 4003 2481 4010 -
2510 4002 2596 4009 --
2628 3966 2926 4051 βοήθημα

579 4083 654 4155 τῇ
695 4073 872 4156 φύσει
911 4074 1109 4158 πάντῃ
1147 4072 1516 4157 πορίζεσθαι
1554 4077 1664 4157 τὴν
1695 4073 1937 4159 τέχνην.
2001 4072 2311 4137 Similiter
2343 4073 2447 4154 69,
2483 4072 2523 4134 9
2560 4071 2736 4135 inter
2774 4089 2926 4135 sen-

581 4176 856 4241 tentiam
906 4176 1280 4258 primariam
1329 4176 1696 4259 perfectam
1746 4184 1813 4242 et
1852 4178 2310 4244 secundariam
2341 4198 2510 4259 quae
2557 4180 2641 4243 ad
2687 4197 2926 4243 novam

581 4283 957 4364 primariam
1033 4291 1294 4366 spectat
1354 4284 1773 4365 parenthesis
1834 4284 2231 4365 interposita
2292 4291 2427 4351 est:
2518 4291 2589 4351 οὐ
2648 4291 2765 4372 γὰρ
2827 4289 2925 4351 ἐπὶ

580 4394 774 4478 κρίσει
825 4394 932 4478 μέν
980 4417 1066 4470 τις
1099 4396 1431 4471 δεκασθείς
1464 4380 1578 4458 οὐκ
1612 4397 1685 4459 ἂν
1725 4397 1812 4457 ἔτι
1845 4404 1967 4459 τῶν
2000 4394 2255 4461 δικαίων
2286 4395 2394 4459 καί
2422 4396 2635 4459 καλῶν
2669 4395 2925 4457 ἐλεύθε-
