3417 5059
1427 304 1871 369 „23-

473 506 825 592 φερομένων
883 507 1158 591 ἐκλέγειν
1226 507 1320 569 ἀεὶ
1375 507 1454 568 τὰ
1509 503 1904 588 καιριώτατα.
2010 500 2114 581 55,
2178 502 2260 564 14
2316 506 2561 589 ἄμαχον
2616 506 2817 588 ἔρωτα

472 615 764 699 ἐνέφυσεν
818 616 993 698 ἡμῶν
1048 622 1178 689 ταῖς
1226 614 1452 696 ψυχαῖς
1497 614 1723 687 παντὸς
1770 612 1864 673 ἀεὶ
1911 621 2018 674 τοῦ
2068 611 2341 695 μεγάλου
2391 608 2814 693 (choriambi).

473 719 578 800 68,
624 720 703 783 19
743 721 907 784 ἀλλὰ
942 720 1234 783 τοιούτων
1281 720 1345 783 ἐν
1390 718 1608 802 κύκλῳ
1656 718 2221 802 τελεσιουργεῖσθαι
2268 715 2407 781 κατ’
2454 717 2661 803 ὀλίγον
2707 722 2817 803 τὴν

472 838 594 892 τῶν
641 827 786 912 βίων
834 825 1202 910 διαφθοράν.
1294 822 1503 888 Semel
1542 821 1892 903 participio
1933 822 2279 905 genetivus
2319 842 2358 887 a
2398 822 2815 889 substantivo

474 930 832 997 secluditur
865 930 970 1009 58,
1001 931 1081 993 12
1120 935 1189 996 τὸ
1227 916 1350 997 τῶν
1388 933 1592 1016 λόγων
1631 931 1939 1016 ἐγκώμιον
1970 932 2251 1008 ἀπιστίας
2288 943 2395 1017 τῆς
2432 931 2587 997 καθ’
2629 934 2817 996 αὑτοῦ
2942 972 2948 978 -

472 1050 594 1117 τοῖς
640 1041 936 1104 ἀκούουσι
984 1040 1395 1125 παράγγελμα
1441 1041 1546 1103 καί
1583 1038 1900 1123 προοίμιον
1939 1038 2259 1123 ἐξέθηκεν.
2344 1037 2676 1103 Adverbio
2717 1038 2817 1101 bis

473 1144 820 1227 genetivus
877 1151 944 1209 et
1003 1143 1490 1210 substantivum
1547 1162 1588 1207 a
1634 1162 1762 1223 quo
1819 1142 2062 1223 pendet
2111 1149 2538 1223 separantur:
2621 1145 2680 1226 2,
2733 1146 2816 1209 28

470 1259 580 1338 τὴν
626 1264 735 1318 τοῦ
783 1255 1035 1338 ῥήτορος
1081 1255 1273 1330 εὐθὺς
1319 1254 1562 1337 ἀθρόαν
1610 1252 1948 1330 ἐνεδείξατο
1996 1253 2248 1337 δύναμιν
2295 1256 2363 1314 et
2401 1251 2505 1327 65,
2556 1251 2641 1315 25
2678 1258 2819 1330 τοὺς

472 1362 704 1425 τούτων
754 1363 842 1424 ὅτι
891 1360 1270 1446 πορρωτάτω
1319 1362 1572 1445 ὀχετοὺς
1617 1360 2021 1444 ἀπέστρεψεν.

648 1466 948 1531 Alterum
997 1465 1409 1530 traiectionis
1456 1465 1523 1530 id
1568 1464 1727 1530 mihi
1772 1463 2037 1531 videtur
2083 1483 2291 1547 genus
2340 1483 2483 1529 esse
2523 1483 2648 1544 quo
2689 1466 2815 1530 duo

473 1573 798 1639 vocabula
845 1572 984 1640 sive
1031 1575 1236 1640 verba
1285 1572 1425 1638 sive
1471 1572 1896 1638 substantiva
1943 1572 2081 1638 sive
2122 1572 2452 1637 adiectiva
2490 1571 2817 1655 particula

473 1680 647 1745 inter
726 1699 797 1745 se
876 1680 1230 1745 coniuncta
1305 1679 1432 1744 alio
1511 1679 1833 1747 vocabulo
1903 1678 2297 1760 interposito
2365 1679 2817 1761 seiunguntur.

473 1788 668 1851 Tales
723 1786 852 1851 loci
906 1786 1232 1851 iucundae
1289 1785 1626 1852 cuiusdam
1685 1786 1975 1851 auctoris
2032 1786 2488 1869 neglegentiae
2537 1786 2817 1867 speciem

472 1913 633 1975 prae
703 1913 773 1959 se
843 1893 1084 1959 ferunt.
1189 1894 1356 1959 Nam
1422 1894 1709 1975 scriptor
1767 1893 1958 1958 initio
2026 1894 2623 1974 comprehensionis
2684 1914 2816 1958 non

473 2007 682 2065 totam
749 2001 1147 2066 sententiam
1217 2001 1757 2082 circumspexisse
1828 2008 2028 2082 atque
2096 2001 2161 2065 in
2231 2020 2426 2066 cursu
2499 2000 2817 2065 orationis

474 2107 792 2173 addendis
852 2108 1073 2175 verbis
1137 2108 1535 2173 sententiam
1590 2108 1948 2189 pleniorem
2005 2108 2278 2173 reddere
2327 2109 2606 2189 videtur,
2671 2127 2817 2173 cum

474 2234 544 2279 re
591 2234 751 2282 vera
798 2217 880 2280 ad
928 2215 1182 2281 aurium
1228 2216 1634 2296 voluptatem
1672 2218 1878 2281 verba
1915 2214 2012 2280 ita
2051 2216 2341 2281 collocet.
2416 2217 2651 2295 Itaque
2689 2216 2816 2281 duo

474 2322 659 2388 verbi
720 2321 1074 2402 participia
1139 2324 1243 2402 62,
1308 2325 1389 2387 21
1455 2322 1880 2389 substantivo
1941 2322 2333 2404 interposito
2396 2323 2674 2387 alterum
2734 2324 2818 2385 ab

474 2428 683 2493 altero
725 2436 1191 2511 segregantur:
1243 2433 1481 2516 ῥυθμὸς
1518 2432 1942 2516 κεκλασμένος
1993 2432 2183 2516 λόγου
2230 2434 2335 2495 καί
2388 2431 2815 2516 σεσοβημένος.

472 2535 658 2600 Inter
713 2537 840 2601 duo
909 2536 1330 2601 substantiva
1392 2538 1662 2601 verbum
1719 2536 1821 2600 his
1880 2536 2041 2602 locis
2102 2536 2479 2604 intercedit:
2558 2538 2662 2618 24,
2732 2537 2817 2600 25

472 2656 730 2731 σκηπτῷ
762 2669 874 2710 τινι
905 2643 1322 2730 παρεικάζοιτ’
1365 2649 1438 2710 ἂν
1482 2648 1522 2730 ἢ
1553 2656 1866 2731 κεραυνῷ;
1910 2645 2015 2722 69,
2051 2645 2091 2708 8
2124 2648 2421 2731 δεκασμοί
2454 2646 2817 2731 βραβεύουσι

472 2754 577 2815 καὶ
637 2752 977 2838 ἀλλοτρίων
1039 2754 1230 2837 θῆραι
1289 2753 1581 2818 θανάτων
1642 2756 1748 2817 καί
1809 2753 2045 2837 ἐνέδραι
2108 2755 2433 2837 διαθηκῶν
2482 2749 2815 2835 (dactyli);

473 2858 578 2937 62,
634 2859 713 2921 19
770 2861 935 2923 ἀλλὰ
988 2862 1357 2945 στηριγμούς
1411 2883 1478 2925 τε
1535 2864 1699 2946 ἔχειν
1754 2864 1905 2946 πρὸς
1961 2862 2207 2945 ἄλληλα
2261 2864 2340 2924 τὰ
2396 2860 2666 2945 ὀνόματα
2711 2862 2817 2924 καὶ
2896 2908 2899 2913 -

474 2965 870 3051 ἐξερείσματα
917 2977 1039 3032 τῶν
1086 2969 1345 3053 χρόνων.
1431 2966 1580 3030 Uno
1626 2966 1770 3030 loco
1820 2966 2147 3032 adiectivo
2196 2966 2369 3045 quod
2417 2964 2820 3031 substantivi

473 3070 614 3135 loco
649 3078 750 3135 est
783 3072 1116 3152 separatio
1151 3072 1442 3137 efficitur
1471 3074 1571 3153 14,
1613 3074 1692 3136 13
1726 3077 2079 3159 ἀνατροπὴν
2105 3077 2172 3139 δὲ
2198 3076 2346 3140 ὅλου
2371 3076 2477 3138 καὶ
2502 3076 2817 3139 διάστασιν

471 3190 579 3243 τοῦ
627 3181 864 3265 κόσμου
911 3181 1346 3265 λαμβάνοντος.

652 3284 1000 3352 Adiectiva
1037 3286 1258 3352 verbis
1297 3292 1761 3369 segregantur:
1817 3288 1917 3365 10,
1963 3290 2042 3351 17
2085 3291 2340 3375 ἰσχυρὰν
2379 3288 2674 3374 λαμβάνει
2713 3291 2817 3352 καὶ

474 3394 956 3478 ἀναμφίλεκτον,
991 3393 1095 3474 66,
1124 3393 1164 3456 5
1195 3401 1514 3472 ταπεινοὺς
1546 3396 1785 3480 ποιήσει
1818 3400 1981 3460 κατὰ
2010 3400 2080 3460 τὸ
2103 3397 2389 3461 πλεῖστον
2412 3398 2518 3460 καὶ
2542 3396 2820 3480 ἀσχήμο-

474 3523 598 3577 νας.
640 3499 1076 3565 Substantiva
1106 3499 1282 3565 inter
1314 3500 1642 3566 adiectiva
1673 3500 2119 3565 intercedunt:
2161 3502 2365 3578 12,17
2400 3506 2563 3588 ἔχειν
2595 3504 2689 3566 δεῖ
2712 3506 2819 3567 τὸν

474 3608 691 3692 ἀληθῆ
723 3609 950 3693 ῥήτορα
985 3613 1065 3693 μὴ
1099 3614 1383 3675 ταπεινὸν
1415 3611 1728 3696 φρόνημα,
1778 3609 1882 3689 69,
1922 3609 1999 3670 11
2037 3613 2338 3695 δοκοῦμεν
2373 3612 2459 3673 ἔτι
2485 3610 2818 3693 ἐλεύθερόν

413 3713 420 3720 ’
473 3737 606 3778 τινα
651 3719 863 3799 κριτὴν
910 3727 1032 3781 τῶν
1081 3718 1369 3801 μεγάλων
1416 3719 1455 3802 ἢ
1494 3720 1833 3803 διηκόντων
1870 3722 2020 3802 πρὸς
2056 3721 2161 3782 τὸν
2198 3718 2395 3782 αἰῶνα
2431 3716 2819 3782 κάδέκαστον

477 3822 957 3906 ἀπολελεῖφθαι,
999 3822 1103 3903 68,
1147 3823 1186 3885 8
1226 3824 1470 3911 ἀμέτρῳ
1508 3826 1759 3911 πλούτῳ
1798 3828 1903 3889 καὶ
1941 3825 2293 3909 ἀκολάστῳ.
2375 3820 2625 3903 Quibus
2655 3820 2818 3886 locis

477 3926 582 4006 42,
617 3926 656 3989 3
690 3927 1024 3993 addendus
1058 3935 1161 3993 est
1194 3930 1304 3994 ubi
1337 3930 1733 3997 adiectivum
1764 3929 2167 3997 substantivi
2191 3948 2459 3995 munere
2486 3928 2813 4013 fungitur:

478 4036 758 4119 ἐμπαθὲς
800 4041 871 4100 τὸ
917 4040 1411 4123 πολυπρόσωπον
1457 4040 1562 4104 καὶ
1601 4041 2017 4125 ἀγχίστροφον
2055 4036 2462 4125 παρέστακεν.
2541 4037 2665 4101 His
2704 4039 2816 4102 de-

477 4139 673 4220 nique
727 4142 888 4207 locis
945 4143 1272 4210 adiectiva
1327 4145 1819 4226 pronominibus
1875 4153 2303 4225 separantur:
2369 4148 2473 4222 22,
2528 4146 2610 4208 10
2656 4150 2817 4232 πλὴν

477 4255 691 4335 μικρὸν
751 4256 901 4316 αὐτὸ
962 4257 1066 4317 καὶ
1125 4257 1442 4341 γλαφυρὸν
1503 4255 1819 4340 ἐποίησεν;
1888 4254 1991 4332 26,
2042 4256 2122 4318 21
2174 4259 2279 4320 καὶ
2326 4265 2415 4341 τῷ
2464 4259 2587 4320 ὄντι
2625 4257 2817 4331 καλὸς

476 4355 650 4435 οὗτος
697 4362 800 4423 καί
849 4360 1298 4442 ἀξιονικότατος
1345 4363 1625 4440 εὐκλείας
1672 4361 1844 4447 ἀγών
1890 4385 1956 4426 τε
2003 4366 2108 4427 καὶ
2156 4364 2476 4448 στέφανος.
2570 4362 2709 4424 Iam
2749 4360 2814 4424 in
