3417 5059
1405 438 1486 443 -
1581 399 1664 462 53
1764 438 1839 442 ---

450 598 482 633 *
516 596 550 632 *
597 596 1048 676 πλουσιώτατα,
1097 597 1392 681 καθάπερ
1439 619 1493 660 τι
1542 596 1831 680 πέλαγος,
1881 597 1965 672 εἰς
2011 596 2518 680 ἀναπεπταμένον
2548 595 2805 680 κέχυται

449 706 740 789 πολλαχῄ
802 704 1070 788 μέγεθος
1131 702 1233 780 24,
1267 702 1351 765 26
1412 704 1697 788 Κικέρων
1760 704 1843 780 ὡς
1900 703 2259 788 ἀμφιλαφής
2315 725 2402 779 τις
2449 704 2805 788 ἐμπρησμὸς

451 810 614 897 οἶμαι
662 812 859 896 πάντη
899 811 1141 896 νέμεται
1188 813 1294 875 καὶ
1341 812 1665 875 ἀνειλεῖται
1716 809 1818 890 26,
1854 809 1935 873 17
1984 812 2036 873 εἰ
2084 814 2165 895 μὴ
2217 806 2275 894 [ό
2322 810 2608 890 Πλάτων]
2666 812 2803 895 περὶ

450 918 764 1003 πρωτείων
794 953 881 962 —-
911 909 1062 1002 πρὸς
1099 916 1389 1003 Ὅμηρον,
1439 918 1522 994 ὡς
1561 920 2017 1002 ἀνταγωνιστὴς
2054 918 2187 994 νέος
2234 920 2383 1001 πρὸς
2420 918 2538 1001 ἤδη
2577 918 2805 981 τεθαυ-

449 1025 869 1110 μασμένον-
899 1026 1329 1109 διηριστεύετο.
1412 1022 1538 1104 Qui
1585 1021 1768 1087 locus
1819 1024 1899 1087 ob
1949 1021 2016 1086 id
2062 1040 2320 1102 quoque
2365 1020 2804 1089 memorabilis

450 1135 570 1205 est,
630 1131 802 1209 quod
859 1128 1058 1195 etiam
1105 1130 1428 1194 Homerus
1476 1147 1620 1194 cum
1670 1128 2054 1196 adversario
2103 1127 2234 1194 iam
2281 1134 2581 1210 spectato
2632 1146 2802 1194 com-

449 1242 744 1318 paratur.
809 1236 914 1316 30,
954 1236 1035 1302 15
1083 1240 1190 1302 καί
1239 1239 1294 1302 οἱ
1340 1236 1495 1302 καθ’
1533 1240 1694 1323 ἡμᾶς
1734 1240 1916 1303 δεινοὶ
1956 1239 2206 1323 ῥήτορες
2244 1238 2540 1322 καθάπερ
2579 1238 2634 1301 οἱ
2662 1260 2806 1322 τρα-

447 1347 636 1432 γῳδοὶ
684 1346 1012 1431 βλέπουσιν
1057 1343 1334 1430 Ἐρινύας
1382 1344 1485 1426 34,
1526 1344 1559 1407 1
1613 1346 1665 1409 εἰ
1714 1342 1773 1429 [ό
1820 1341 2055 1429 κριτὴς]
2107 1345 2190 1421 ὡς
2235 1355 2378 1421 παῖς
2426 1347 2641 1429 ἄφρων
2686 1346 2805 1409 ὑπὸ

447 1452 721 1537 τεχνίτου
771 1453 1024 1537 ῥήτορος
1071 1452 1430 1538 σχηματίοις
1485 1452 1985 1537 κατασοφίζεται.
2083 1452 2186 1532 36,
2232 1452 2310 1516 17
2362 1449 2467 1516 εἶτ’
2514 1452 2805 1517 ἐντεῦθεν

448 1560 631 1624 πάλιν
679 1555 888 1644 [Δημ.]
938 1560 1021 1635 ὡς
1068 1560 1130 1622 αἱ
1176 1558 1524 1643 καταιγίδες
1571 1559 1769 1644 ἀλλην
1813 1560 2174 1643 ποιούμενος
2221 1558 2509 1643 ἐμβολήν.
2585 1556 2805 1638 52,14

449 1662 810 1751 [Ὑπερίδης]
861 1667 987 1731 ἐστὶ
1035 1667 1257 1751 σχεδὸν
1305 1670 1579 1750 ύπακρος
1627 1667 1692 1731 ἐν
1739 1677 1925 1731 πᾶσιν
1965 1666 2048 1741 ὡς
2096 1667 2129 1729 ό
2177 1665 2546 1741 πένταθλος.
2622 1665 2683 1743 2,
2720 1663 2804 1727 26

450 1774 602 1857 ὕψος
634 1773 702 1838 δέ
732 1796 852 1837 που
884 1773 1137 1857 καιρίως
1168 1772 1497 1857 ἐξενεχθὲν
1529 1774 1605 1837 τά
1636 1795 1702 1837 τε
1736 1774 2069 1857 πράγματα
2093 1772 2269 1857 δίκην
2292 1784 2573 1857 σκηπτοῦ
2605 1772 2806 1837 πάντα

447 1881 827 1965 διεφόρησεν.
891 1879 996 1959 49,
1035 1878 1116 1942 13
1155 1876 1750 1960 praetermittatur,
1792 1877 1947 1957 quia
1986 1896 2210 1944 veram
2248 1876 2805 1958 comparationem

448 2004 576 2049 non
627 1984 911 2049 exhibet.

497 2110 508 2119 ·
625 2092 703 2156 In
775 2090 985 2155 altero
1047 2090 1609 2170 comparat-ionum
1679 2089 1971 2157 brevium
2044 2110 2285 2174 genere
2355 2088 2804 2171 praedicatum

446 2196 570 2262 nisi
627 2198 712 2263 ad
769 2196 1242 2263 enuntiationis
1314 2198 1679 2264 subiectum
1734 2216 1865 2262 non
1924 2202 2207 2281 spectat,
2273 2206 2341 2263 et
2397 2196 2802 2278 comparatio

446 2304 620 2368 inter
657 2305 822 2369 duas
861 2322 967 2368 res
998 2304 1210 2368 locum
1242 2305 1462 2383 habet,
1505 2323 1647 2369 cum
1687 2305 1770 2369 de
1803 2303 2063 2369 actione
2094 2323 2225 2369 non
2262 2310 2532 2387 agatur:
2576 2305 2681 2385 43,
2721 2306 2799 2369 11

449 2410 764 2497 [Πλάτων]
826 2415 1120 2498 καθάπερ
1185 2413 1478 2499 ἁρμονίαν
1540 2417 1673 2479 τινὰ
1733 2417 1843 2499 τὴν
1892 2415 1964 2477 ἐκ
1992 2399 2119 2499 ’τῆς
2166 2414 2591 2498 περιφράσεως
2638 2436 2803 2498 περι-

448 2522 747 2605 χεάμενος
793 2520 1136 2604 εὺμέλειανς
1185 2520 1288 2601 54,
1326 2520 1406 2581 14
1454 2522 1664 2605 ἐπειδὴ
1705 2518 2166 2606 [Δημοσθένης]
2205 2531 2399 2585 ταῦτα
2438 2517 2802 2605 [ύψηγορίας

447 2629 641 2708 τόνον,
692 2629 942 2712 ἔμψυχα
983 2629 1178 2713 ’πάθη
1227 2625 1384 2711 9118]
1433 2664 1520 2671 -
1568 2629 1650 2703 ὡς
1699 2629 2070 2712 θεόπεμπτα
2118 2630 2285 2692 δεινὰ
2332 2628 2667 2713 δωρήματα
2714 2664 2801 2671 *-

449 2736 658 2819 ἀθρόα
713 2736 797 2810 εἰς
855 2735 1072 2798 ἑαυτὸν
1130 2737 1424 2813 ἔσπασεν;
1478 2734 1576 2815 17,
1626 2734 1710 2796 22
1762 2732 1887 2799 οἶον
1935 2736 2405 2819 ὑποχωροῦντος
2452 2736 2535 2810 εἰς
2584 2736 2800 2799 ἑαυτὸν

449 2841 748 2907 Ὠκεανοῦ
797 2844 902 2905 καὶ
950 2843 1084 2924 περὶ
1131 2844 1208 2905 τὰ
1254 2843 1378 2905 ἴδια
1431 2841 1620 2925 μέτρα
1659 2842 2076 2927 ἐρημουμένου
2125 2845 2195 2905 τὸ
2234 2842 2447 2907 λοιπον
2483 2841 2800 2926 φαίνονται

446 2960 552 3013 τοῦ
603 2948 910 3033 μεγέθους
958 2948 1304 3033 ἀμπώτιδες
1353 2965 1514 3026 eqS.;
1576 2946 1681 3024 44,
1735 2947 1814 3009 17
1875 2948 2193 3033 ὀνομάτων
2251 2949 2483 3033 ἐκλογὴ
2532 2948 2801 3034 μέγεθος

448 3058 595 3140 ἅμα,
644 3055 877 3131 κάλλος
903 3104 916 3117 .
953 3106 964 3118 .
1001 3105 1014 3118 .
1049 3065 1174 3132 τοῖς
1223 3056 1428 3140 λόγοις
1475 3057 1683 3139 ὥσπερ
1732 3055 2050 3140 ἀγάλμασι
2097 3055 2452 3130 καλλίστοις
2500 3052 2576 3120 δι’
2613 3057 2802 3140 αύτῆς

448 3163 745 3227 ἐπανθεῖν
801 3163 1396 3247 παρασκευάζουσα;
1460 3162 1562 3243 26,
1612 3162 1652 3225 5
1709 3164 1833 3227 ἀπὸ
1890 3173 1998 3247 τῆς
2044 3171 2167 3227 τῶν
2214 3161 2489 3247 ἀρχαίων
2538 3164 2801 3248 μεγαλο-

448 3271 628 3353 φυΐας
675 3270 759 3345 εἰς
806 3273 914 3344 τὰς
968 3280 1090 3334 τῶν
1148 3270 1499 3355 ζηλούντων
1556 3269 1827 3345 ἐκείνους
1887 3270 2090 3353 ψυχὰς
2139 3269 2221 3345 ὡς
2267 3270 2391 3334 ἀπὸ
2440 3270 2615 3354 ἱερῶν
2664 3293 2801 3334 στο-

448 3376 600 3460 μίων
648 3376 970 3460 ἀπορροιαί
1025 3398 1178 3455 τινες
1238 3377 1555 3460 φέρονται;
1619 3376 1723 3458 38,
1776 3376 1857 3439 18
1919 3376 2326 3462 Δημοσθένης
2380 3380 2484 3440 τὸν
2546 3388 2685 3441 νοῦν
2734 3378 2801 3441 ὃν

447 3485 730 3568 ὥρμησεν
791 3483 981 3547 εἰπεῖν
1040 3483 1473 3566 ἀνακρεμάσας
1532 3486 1638 3547 καί
1704 3484 1930 3567 μεταξὺ
1992 3484 2075 3560 ὡς
2139 3484 2223 3559 εἰς
2283 3484 2636 3567 ἀλλόφυλον
2697 3486 2802 3548 καὶ

447 3592 805 3655 ἀπεοικυῖαν
851 3589 1019 3667 τάξιν
1050 3586 1189 3653 ἀλλ’
1249 3586 1344 3653 ἐπ’
1376 3590 1587 3667 ἄλλοις
1618 3591 2076 3667 ἐπεισκυκλῶν;
2126 3587 2230 3663 55,
2285 3590 2361 3652 11
2406 3592 2445 3675 ἡ
2490 3591 2666 3675 φύσις
2719 3592 2801 3667 ὡς

446 3698 528 3773 εἰς
588 3696 865 3782 μεγάλην
921 3699 1056 3761 τινὰ
1111 3696 1448 3781 πανήγυριν
1505 3697 1589 3772 εἰς
1645 3700 1751 3760 τὸν
1808 3696 1937 3781 βίον
1982 3698 2143 3782 ἡμᾶς
2199 3698 2304 3760 καὶ
2360 3698 2443 3773 εἰς
2500 3701 2603 3762 τὸν
2651 3698 2801 3782 σύμ-

450 3825 648 3867 παντα
704 3805 941 3889 κόσμον
996 3804 1346 3887 ἐπάγουσα;
1405 3801 1507 3883 51,
1545 3802 1590 3865 3
1634 3804 1697 3867 ἐν
1750 3813 1873 3880 τοῖς
1915 3803 2264 3887 μεγέθεσιν,
2316 3806 2523 3889 ὥσπερ
2573 3807 2637 3869 ὲν
2678 3815 2801 3882 τοῖς

449 3911 605 3992 ἄγαν
651 3912 954 3992 πλούτοις,
1003 3909 1157 3975 εἷναί
1202 3934 1256 3975 τι
1306 3913 1425 3994 χρὴ
1476 3912 1580 3973 καὶ
1627 3911 2275 3995 παρολιγωρούμενον;
2324 3910 2427 3990 37,
2481 3910 2561 3973 15
2611 3912 2667 3975 οἱ
2713 3923 2799 3998 τῷ

452 4017 572 4077 ὄντι
633 4018 1006 4101 ὀργιζόμενοι
1063 4020 1260 4102 πάντη
1319 4021 1469 4102 πρὸς
1527 4028 1634 4102 τῆς
1691 4017 1959 4101 ἀγωνίας
2016 4019 2099 4093 ὡς
2156 4015 2257 4081 ὑπ’
2305 4019 2573 4083 ἀστάτου
2621 4022 2799 4085 πνεύ-

450 4142 636 4204 ματος
681 4123 826 4204 τῇδε
871 4126 1124 4189 κάκεῖσε
1171 4126 1603 4210 ἀγχιστρόφως
1652 4124 2118 4209 ἀντισπώμενοι.

627 4225 917 4290 Tertium
965 4228 1235 4308 denique
1282 4230 1578 4296 brevium
1627 4230 2177 4311 comparationum
2215 4250 2421 4311 genus
2468 4231 2533 4295 id
2583 4236 2683 4296 est
2729 4231 2796 4297 in

445 4350 568 4413 quo
614 4350 718 4395 res
765 4333 917 4416 sola,
975 4354 1244 4414 quacum
1293 4337 1424 4401 alia
1471 4339 1821 4420 confertur,
1869 4357 1995 4403 non
2041 4337 2183 4418 ipsa
2240 4356 2343 4401 res
2400 4357 2567 4418 quae
2629 4358 2793 4403 com-

441 4444 732 4521 paratur,
792 4458 1098 4523 expressa
1145 4448 1258 4507 est.
1351 4444 1520 4508 Sunt
1567 4451 1878 4524 quattuor
1924 4444 1991 4509 hi
2036 4444 2184 4510 loci:
2233 4447 2291 4528 6,
2328 4447 2408 4510 13
2457 4449 2662 4512 πολλὰ
2708 4484 2795 4491 --
