3417 5059
10 210 34 279 ’4

675 563 774 627 De
819 561 1300 644 metaphoris
1347 580 1516 642 quae
1573 565 1840 643 praeter
1884 564 2243 628 verborum
2300 562 2621 627 delectum
2675 562 2835 627 mul-

495 674 634 735 tum
712 669 795 735 ad
873 667 1236 735 orationem
1321 668 1660 733 sublimem
1746 669 2142 735 reddendam
2230 669 2457 735 valent
2541 669 2835 735 Pseudo-

495 776 836 860 Longinus
884 774 1100 856 capite
1139 776 1223 841 32
1276 774 1445 859 agit3
1505 795 1783 856 quarum
1828 795 2017 842 usum
2055 776 2255 841 certis
2293 775 2665 858 praeceptis
2704 796 2833 841 non

496 882 991 964 circumscribit,
1057 883 1172 948 sed
1229 882 1717 949 multitudinem
1764 902 1987 949 earum
2033 883 2228 949 aliter
2275 902 2468 964 quam
2515 882 2835 949 Caecilius

461 989 786 1057 'adfectui
869 988 1194 1070 permittit
1275 1009 1397 1054 nec
1480 990 1649 1055 tales
1740 992 2272 1071 metaphorarum
2364 990 2651 1056 medelas
2731 990 2838 1057 vel

495 1096 924 1163 emollitiones
970 1102 1045 1162 ut
1092 1099 1374 1183 ὡσπερεί,
1433 1099 1616 1165 οἱονεί
1663 1096 1849 1177 alias,
1912 1097 2150 1177 quibus
2196 1096 2493 1163 nonnulli
2539 1098 2837 1164 rhetores

495 1204 837 1270 audaciam
892 1204 1426 1284 metaphorarum
1485 1210 1822 1284 excusent,
1878 1204 2069 1270 valde
2121 1205 2548 1283 commendat,
2612 1224 2835 1285 quam-

497 1331 689 1392 quam
737 1330 850 1376 eas
906 1330 1039 1376 non
1086 1329 1357 1391 prorsus
1419 1310 1640 1376 abicit.
1733 1311 1892 1376 Cum
1939 1317 2175 1377 auctor
2221 1330 2418 1392 saepe
2466 1310 2839 1377 adfectibus

493 1420 914 1498 obsequatur,
979 1435 1178 1498 saepe
1237 1418 1484 1482 multae
1542 1418 1971 1498 metaphorae
2032 1437 2161 1484 uno
2218 1418 2361 1484 loco
2409 1418 2838 1484 inveniuntur

493 1526 986 1605 exuberantque
1034 1524 1210 1605 apud
1257 1544 1420 1605 eum,
1471 1530 1564 1605 ut,
1616 1544 2006 1605 quamquam
2054 1544 2199 1590 cum
2230 1525 2570 1591 Theodoro
2618 1527 2837 1612 παρέν-

493 1636 729 1720 θυρσον
774 1630 1114 1712 vituperat
1161 1650 1354 1712 quam
1411 1631 1610 1699 animi
1656 1631 2151 1697 commotionem
2204 1632 2465 1697 inanem
2512 1637 2579 1696 et
2626 1630 2837 1698 alieno

492 1747 785 1820 tempore
854 1737 1253 1803 concitatam
1324 1745 1525 1819 atque
1591 1737 2085 1804 immoderatam
2155 1737 2315 1803 dicit
2384 1756 2547 1819 esse,
2618 1745 2837 1803 tamen

487 1845 817 1912 interdum
871 1845 941 1911 in
999 1845 1161 1911 illud
1219 1844 1432 1927 ipsum
1487 1845 1722 1913 vitium
1785 1864 2049 1911 currere
2108 1844 2430 1911 videatur.
2521 1845 2840 1928 Fortasse

491 1952 688 2018 etiam
733 1953 836 2019 his
883 1959 950 2018 et
999 1952 1317 2019 similibus
1351 1953 1734 2019 Theodorus
1782 1952 2069 2035 praeivit
2118 1971 2263 2018 cum
2310 1971 2516 2033 eoque
2544 1953 2837 2018 Pseudo-

491 2060 830 2144 Longinus
897 2067 1130 2126 contra
1193 2060 1554 2126 Atticistas
1621 2060 1829 2126 stetit.
1950 2060 2028 2125 In
2098 2059 2555 2125 enumerandis
2622 2066 2839 2125 autem

490 2167 891 2249 metaphoris
951 2167 1049 2233 ita
1109 2167 1620 2251 progrediemur,
1682 2172 1759 2232 ut
1819 2166 2027 2248 primo
2085 2167 2230 2233 loco
2292 2185 2405 2231 eas
2462 2165 2838 2232 adferamus

491 2293 662 2354 quae.
706 2274 846 2340 sine
891 2274 1160 2341 medelis
1207 2274 1466 2357 positae
1514 2280 1687 2355 sunt,
1738 2278 1879 2340 tum
1927 2292 2041 2339 eas
2091 2274 2407 2338 addamus
2456 2272 2839 2354 quibuscum

493 2388 724 2447 auctor
793 2381 1109 2448 audaciae
1175 2382 1521 2448 leniendae
1598 2400 1802 2447 causa
1872 2382 2041 2446 tales
2108 2376 2425 2446 formulas
2493 2386 2566 2444 ut
2637 2381 2836 2462 οἱονεί,

491 2491 757 2575 ὡσπερεί
819 2488 985 2555 alias
1056 2488 1414 2555 coniunxit.
1528 2491 1606 2553 In
1675 2487 1806 2554 illis
1877 2495 2096 2553 autem
2165 2488 2419 2553 duobus
2488 2486 2837 2571 generibus

489 2595 666 2661 inter
727 2596 1152 2676 metaphoras
1214 2615 1382 2676 quae
1442 2595 1509 2661 in
1571 2595 1793 2662 verbis
1841 2600 1956 2659 aut
2005 2594 2072 2659 in
2123 2593 2559 2660 substantivis
2608 2600 2723 2658 aut
2769 2592 2835 2658 in

490 2702 837 2770 adjectivis
885 2709 1002 2767 aut
1047 2702 1114 2767 in
1165 2702 1496 2768 adverbiis
1545 2708 1701 2767 sunt
1751 2701 2246 2785 distinguemus,
2308 2702 2436 2766 Sed
2484 2708 2838 2781 antequam

491 2810 1022 2891 metaphorarum
1067 2810 1265 2875 index
1313 2808 1679 2887 adferatur,
1743 2809 1811 2874 id
1872 2809 2070 2874 etiam
2128 2815 2476 2875 moneatur
2539 2828 2660 2874 nos
2708 2826 2837 2872 non

491 2916 559 2981 in
612 2935 692 2981 ea
739 2915 1047 2997 opinione
1095 2936 1257 2991 esse,
1326 2923 1401 2982 ut
1466 2917 1891 2997 metaphoras
1949 2916 2139 2997 plene
2186 2922 2253 2981 et
2302 2916 2603 2981 absolute
2649 2914 2840 2980 nobis

492 3023 830 3089 videamur
849 3023 1352 3089 enumeravisse.
1393 3024 1602 3104 Saepe
1623 3022 1795 3089 enim
1825 3022 2095 3088 difficile
2116 3028 2218 3089 est
2239 3024 2323 3088 ad
2353 3021 2840 3088 diiudicandum

491 3136 711 3195 utrum
771 3132 1169 3196 translatum
1237 3131 1626 3197 vocabulum
1687 3152 1728 3195 a
1785 3130 2116 3196 cotidiano
2159 3129 2485 3213 ‚loquendi
2553 3148 2676 3194 usu
2743 3129 2841 3193 ita

493 3244 836 3317 acceptum
869 3238 979 3319 sit,
1014 3244 1088 3303 ut
1123 3237 1473 3303 translatio
1508 3256 1636 3302 non
1672 3238 1872 3303 etiam
1904 3236 2252 3315 sentiatur,
2297 3256 2382 3301 an
2413 3237 2840 3319 metaphorae

491 3342 622 3409 vim
670 3344 1058 3411 servaverit.

1129 3556 1397 3635 Index
1454 3558 2195 3657 metaphorarum.

493 3717 564 3783 Α.
636 3720 1068 3801 metaphorae
1115 3737 1393 3802 quarum
1446 3721 1736 3784 audacia
1786 3718 1977 3783 nullis
2029 3720 2310 3785 medelis
2362 3721 2657 3801 mitigata
2706 3722 2839 3798 est;

1073 3841 1106 3895 Ι.
1161 3841 1513 3909 metaphorae
1567 3855 1704 3910 quae
1765 3841 1815 3897 in
1870 3842 2056 3896 verbis
2113 3843 2273 3897 sunt:

669 3970 730 4045 2,
775 3969 856 4031 18
913 3979 1044 4045 ταῖς
1107 3970 1346 4034 ἑαυτῶν
1407 3970 1772 4055 περιέβαλον
1832 3970 2138 4046 εὐκλείαις
2184 3974 2288 4034 τὸν
2336 3972 2530 4033 αἰῶνα
2553 3968 2636 4051 1);
2699 3970 2759 4045 3,
2800 3970 2841 4033 8

493 4080 570 4140 τὰ
617 4079 848 4161 φυσικὰ
885 4080 1036 4162 ἔργα
1073 4078 1757 4162 κατασκελετευὸμενα;
1807 4077 1867 4156 6,
1906 4077 1941 4138 7
1984 4077 2408 4142 ὀλισθαίνουσι
2448 4074 2500 4141 δ’
2539 4078 2624 4153 εἰς
2659 4088 2840 4142 τοῦτο

670 4250 714 4317 1)
752 4252 856 4304 Hic
893 4252 1057 4319 locuS,
1095 4253 1187 4319 qui
1223 4269 1254 4305 a
1289 4252 1422 4306 viris
1463 4252 1633 4305 doctis
1671 4253 1820 4306 varie
1847 4258 2147 4320 temptatus
2184 4258 2283 4321 est,
2322 4252 2456 4305 mihi
2482 4253 2695 4318 quidem
2734 4269 2841 4305 non

491 4340 708 4395 videtur
761 4341 1119 4409 explicatione
1177 4357 1350 4410 egere.
1440 4341 1573 4393 Nam
1631 4344 1939 4408 περιέβαλον
1992 4341 2173 4395 eodem
2212 4357 2371 4395 sensu
2410 4341 2840 4410 intellegendum

492 4434 575 4483 est
634 4445 737 4496 quo
775 4430 1102 4485 Plutarchus
1148 4431 1282 4485 dicit
1334 4433 1660 4496 περιβάλλειν
1701 4435 1880 4498 ἱμάτια.
1927 4439 2037 4495 τοῖς
2076 4434 2363 4498 τραχήλοις
2398 4432 2487 4485 vel
2525 4431 2839 4499 AeschyluS‚
