3417 5059
1550 308 1987 371 -34-

598 508 831 568 auctor
893 504 1075 568 nulla
1139 503 1468 584 particula
1533 502 1762 567 utitur.
1864 502 2053 585 Quod
2120 504 2339 566 autem
2405 501 2490 565 ad
2554 499 2952 565 sententiam

598 609 861 690 attinet,
925 611 1090 675 haec
1137 616 1243 675 est
1288 610 1557 691 propria
1605 609 2034 674 antithesium
2080 611 2326 673 natura
2372 612 2441 672 et
2489 607 2610 686 viS‚
2660 612 2736 671 ut
2783 608 2955 671 duae

598 721 860 781 tantum
907 734 1013 781 res
1063 716 1436 781 contrariae
1485 716 1699 780 altera
1746 714 1942 802 alteri
1990 720 2428 796 opponantur.
2523 715 2633 779 Ita
2677 713 2954 797 legimus

601 824 702 903 14,
757 824 838 886 14
901 828 1156 909 οὐρανὸς
1202 826 1371 910 ᾅδης,
1429 828 1508 887 τὰ
1555 825 1761 909 θνητὰ
1806 828 1883 887 τὰ
1930 824 2254 905 ἀθάνατα,
2318 823 2423 902 21,
2475 822 2515 885 3
2580 826 2690 906 τὴν
2747 824 2955 907 ψυχὴ-ν

595 935 665 995 τὸ
698 942 898 1016 σῶμα,
933 935 1040 1007 τὰς
1079 934 1274 1008 ἀκοὰς
1311 935 1421 1015 τὴν
1453 932 1769 1015 γλῶσσαν,
1802 934 1911 1006 τὰς
1951 932 2119 1014 ὄψεις
2155 934 2265 1015 τὴν
2301 932 2531 1015 χρόαν;
2564 944 2951 1007 quamquam

596 1036 662 1099 in
749 1035 949 1100 tertio
1022 1034 1471 1116 oppositorum
1535 1037 1822 1101 membro
1894 1034 2055 1099 nihil
2124 1033 2442 1100 contrarii
2510 1038 2645 1115 est3
2739 1035 2843 1114 21,
2911 1033 2955 1097 5

599 1138 892 1228 [Σαπφὼ]
943 1146 1071 1229 ἅμα
1119 1144 1380 1229 ψύχεται
1428 1145 1664 1229 κᾴεται,
1717 1145 2036 1229 ἀλογιστεῖ
2079 1154 2306 1228 φρονεῖ.

772 1248 914 1313 Iam
963 1255 1315 1328 antequam
1365 1250 1450 1313 ad
1497 1267 1805 1332 magnum
1852 1267 2191 1314 numerum
2240 1247 2721 1313 sententiarum
2774 1246 2953 1311 inter

599 1373 669 1419 se
731 1355 1184 1436 oppositarum
1241 1356 1653 1433 accedamuS,
1718 1354 1947 1435 paucis
2009 1355 2231 1421 verbis
2295 1372 2675 1420 moneamus
2738 1353 2806 1417 111
2873 1371 2953 1417 ea

597 1461 916 1527 antithesi
979 1482 1110 1543 qua
1179 1465 1234 1539 1,
1288 1464 1323 1524 7
1393 1466 1616 1527 exstat
1677 1481 1814 1526 non
1879 1462 2175 1544 singulas
2237 1464 2351 1527 sed
2410 1461 2600 1527 binas
2647 1459 2953 1526 notiones

596 1568 770 1633 inter
841 1587 912 1633 se
979 1568 1240 1649 opponi,
1309 1571 1597 1655 δευτέρου
1665 1573 1733 1633 et
1809 1572 1975 1649 τάξει
2053 1569 2355 1634 notiones
2432 1569 2832 1654 κυριωτέρου·
2884 1572 2955 1631 et

597 1678 847 1762 δυνάμει
894 1675 1292 1741 notionibus

775 1782 856 1846 In
921 1782 1372 1863 disputatione
1419 1785 1640 1847 autem
1688 1801 1884 1861 quam
1932 1784 2011 1847 de
2060 1781 2366 1864 oppisitis
2415 1780 2765 1847 sententiis
2820 1779 2947 1845 iam

597 1887 1053 1970 suscipiamus,
1121 1889 1400 1969 primum
1467 1890 1547 1954 de
1613 1907 1839 1953 earum
1906 1889 2259 1969 sententia,
2329 1888 2563 1954 deinde
2611 1889 2691 1954 de
2738 1887 2952 1952 forma

596 2014 888 2077 agamus
995 1995 1284 2078 Quarum
1340 1994 1768 2061 antithesium
1815 1995 1948 2060 tria
1996 2014 2242 2078 genera
2289 1996 2724 2061 discernenda
2770 1998 2947 2073 sunt,

597 2120 741 2166 cum
807 2101 1015 2182 primo
1085 2102 1382 2185 singulae
1448 2121 1554 2167 res
1621 2101 1730 2168 vel
1792 2101 2119 2179 notioneS,
2189 2103 2397 2167 altero
2463 2101 2679 2182 binae,
2747 2100 2949 2165 tertio

596 2214 828 2272 ternae
875 2207 1050 2273 inter
1099 2227 1169 2273 se
1219 2213 1654 2289 opponantur.
1755 2210 1978 2289 Atque
2026 2228 2249 2274 eorum
2296 2227 2608 2291 generum
2656 2206 2951 2288 exempla

596 2315 822 2379 eodem
882 2314 1111 2380 ordine
1173 2315 1608 2381 tractabimus
1666 2334 1793 2395 quo
1854 2317 2032 2396 apud
2080 2320 2415 2380 auctorem
2464 2320 2750 2379 exstant.
2842 2313 2952 2377 Ita

595 2422 654 2501 9,
695 2422 730 2485 7
773 2421 1056 2487 virtutes
1096 2428 1361 2487 nostras
1394 2421 1574 2488 vitiis
1617 2422 1892 2503 opponit
1925 2440 2167 2502 easque
2201 2441 2280 2485 ex
2309 2422 2540 2486 iisdem
2564 2420 2706 2485 fere
2732 2419 2951 2485 causis

595 2546 673 2591 ac
719 2528 1006 2593 virtutes
1053 2528 1239 2593 nasci
1287 2530 1498 2594 solere
1546 2528 1724 2594 dicit.
1817 2531 1924 2610 21,
1963 2530 2021 2609 7,
2072 2527 2185 2593 ubi
2232 2530 2313 2593 de
2357 2546 2599 2609 magna
2646 2528 2951 2608 Sapphus

596 2639 740 2699 arte
814 2635 1376 2715 opportunissima
1446 2653 1744 2715 quaeque
1815 2635 2098 2719 eligendi
2168 2639 2234 2699 et
2302 2634 2369 2699 in
2440 2654 2638 2699 unum
2710 2653 2950 2715 corpus

595 2740 946 2823 colligendi
981 2741 1291 2820 loquitur,
1332 2741 1446 2807 uni
1487 2741 1783 2807 adfectui
1822 2760 2210 2807 concursum
2244 2739 2625 2806 adfectuum
2660 2741 2949 2823 opponit.

772 2848 931 2913 Cum
986 2846 1068 2913 iis
1125 2849 1378 2913 duobus
1433 2848 1595 2913 locis
1652 2849 1951 2932 singulae
2018 2847 2325 2913 notiones
2383 2847 2560 2913 inter
2620 2866 2689 2913 se
2752 2866 2950 2929 oppo-

594 2960 858 3034 nantur,
909 2953 1105 3018 binae
1143 2954 1244 3020 his
1284 2955 1392 3035 qui
1431 2960 1813 3035 sequuntur.
1866 2956 1966 3035 15,
2002 2957 2062 3035 3,
2114 2956 2195 3019 de
2233 2974 2359 3036 quo
2399 2955 2541 3020 1060
2578 2954 2709 3020 iam
2748 2973 2951 3035 supra

595 3059 862 3142 egimuS,
937 3060 1222 3141 scriptor
1291 3061 1451 3127 dicit
1510 3062 1866 3127 Homerum
1933 3062 2228 3127 homines
2290 3060 2401 3141 qui
2460 3061 2734 3126 Troiani
2796 3061 2950 3126 belli

595 3173 819 3231 aetate
895 3166 1151 3232 fuerint
1223 3167 1291 3232 in
1353 3170 1508 3233 deos
1569 3169 1952 3249 mutavisse,
2027 3167 2238 3247 iisque
2299 3170 2457 3233 deos
2520 3188 2560 3233 a
2620 3173 2821 3249 poeta
2880 3169 2945 3233 in

593 3273 885 3338 homines
961 3279 1250 3339 mutatos
1327 3274 1616 3356 opponit.
1751 3276 1854 3356 24,
1930 3276 2013 3338 22
2091 3275 2571 3341 Demosthenes
2646 3275 2948 3341 Ciceroni

595 3379 978 3461 opponitur3
1028 3380 1208 3445 illum
1257 3386 1491 3445 auctor
1537 3380 1696 3445 dicit
1743 3381 1811 3445 in
1862 3382 2039 3446 edito
2089 3388 2157 3446 et
2205 3386 2564 3462 praerupto
2612 3382 2755 3447 loco
2795 3400 2946 3447 ver-

595 3486 748 3568 sari,
797 3488 970 3552 hunc
1015 3488 1156 3552 lato
1203 3486 1465 3551 flumine
1511 3486 1783 3567 portari.
1858 3487 2083 3552 Etiam
2133 3490 2237 3567 24,
2290 3489 2374 3552 23
2424 3488 2620 3553 alteri
2666 3489 2946 3553 alterum

595 3593 869 3673 opponit
907 3599 975 3658 et
1007 3594 1514 3659 Demosthenem
1545 3611 1688 3657 cum
1722 3593 2012 3675 fulmine,
2054 3595 2433 3659 Ciceronem
2466 3613 2608 3659 cum
2642 3594 2944 3660 incendio

591 3696 725 3765 late
784 3699 934 3765 fuso
993 3705 1356 3781 comparat.
1450 3700 1550 3763 De
1610 3698 1841 3764 iisdem
1898 3701 2058 3767 viris
2118 3720 2324 3783 agens
2371 3701 2942 3766 Demosthenicam

593 3806 1112 3888 magnitudinem
1147 3805 1619 3872 Ciceronianae
1650 3806 1989 3872 latitudini
2022 3807 2325 3887 opponit3
2386 3806 2480 3872 illi
2527 3808 2686 3873 dicit
2733 3808 2944 3873 locum

593 3912 803 3978 videri
850 3932 994 3979 esse
1043 3932 1186 3979 cum
1235 3915 1430 3978 rebus
1480 3911 1582 3978 vis
1627 3914 1931 3979 addenda
1979 3914 2068 3978 sit
2106 3919 2174 3979 et
2221 3919 2446 3979 orator
2485 3913 2700 3979 animo
2749 3915 2944 3981 valde

593 4024 912 4084 commoto
959 4021 1269 4100 loquatur
1315 4024 1434 4084 aut
1482 4019 1743 4085 omnino
1790 4019 1849 4085 is
1897 4020 2005 4100 qui
2055 4020 2285 4085 audiat
2332 4021 2785 4101 percellendus
2833 4022 2941 4101 sit,

592 4125 742 4191 huic
775 4145 916 4190 cum
949 4126 1118 4192 idem
1149 4125 1566 4191 multitudine
1599 4144 1816 4191 rerum
1851 4128 2223 4192 obruendus
2250 4127 2353 4192 sit.
2403 4129 2507 4209 28,
2543 4129 2583 4193 5
2608 4130 2943 4194 rhetorica

593 4232 948 4311 phantasia
995 4232 1293 4313 poeticae
1343 4233 1731 4313 opponitur,
1784 4234 1996 4297 altera
2043 4234 2236 4299 valde
2284 4234 2547 4301 diversa
2596 4237 2680 4301 ab
2730 4236 2942 4300 altera

592 4337 832 4403 dicitur
877 4357 1040 4420 esse,
1094 4357 1236 4404 cum
1284 4340 1462 4405 aliud
1508 4339 1639 4419 illa,
1693 4338 1871 4404 aliud
1920 4341 2083 4405 haec
2133 4340 2235 4405 sit.
2329 4342 2420 4407 Et
2470 4342 2693 4407 statim
2744 4343 2848 4423 28,
2900 4344 2941 4407 6

3364 2362 3413 2477 ml
