3417 5059
1411 322 1935 427 3-30—

599 532 606 573 ῑ
661 550 665 554 ·
714 520 814 585 Ac
862 515 1140 601 primum
1186 520 1444 600 quidem
1490 523 1956 584 enumerentur
2000 518 2130 582 loci
2165 516 2401 598 quibus
2449 515 2737 597 scriptor
2782 536 2889 581 re-

539 646 852 707 sponsum
901 625 1376 691 enuntiationis
1425 624 1871 691 affirmativae
1920 623 2134 689 forma
2181 622 2411 689 induit.
2493 622 2619 687 His
2668 626 2885 687 autem

538 731 822 814 quinque
859 733 1021 798 loeis
1060 733 1146 797 ad
1181 732 1770 815 interrogationem
1819 730 1954 795 suis
2000 730 2208 811 ipsius
2241 729 2463 797 verbis
2500 729 2883 810 respondet:

417 876 420 878 Δ
538 840 642 921 25,
679 841 763 903 24
796 842 943 906 ποία
976 843 1043 905 δὲ
1075 843 1180 904 καὶ
1210 839 1298 917 τίς
1330 845 1518 925 αὕτη,
1566 850 1690 905 τῶν
1738 841 2095 923 ἔμπροσθεν
2144 840 2431 925 μεγάλων
2479 838 2889 924 συγγραφέων

536 951 642 1012 καὶ
689 958 958 1033 ποιητῶν
1007 946 1251 1032 μίμησίς
1296 969 1364 1010 τε
1410 949 1515 1010 καὶ
1555 947 1842 1031 ζήλωσις.
1923 945 2028 1025 26,
2064 946 2105 1009 8
2139 947 2319 1031 μόνος
2350 943 2674 1029 Ἡρόδοτος
2704 942 2891 1029 Ὁμη-

537 1054 873 1139 ρικώτατος
906 1054 1178 1139 ἐγένετο,
1205 1053 1583 1138 Στησίχορος
1614 1056 1700 1117 ἔτι
1734 1054 2038 1137 πρότερον·
2064 1056 2096 1116 ὅ
2127 1075 2194 1117 τε
2225 1050 2607 1138 Ἀρχίλοχος,
2642 1052 2892 1117 πάντων

535 1163 604 1225 δὲ
649 1161 1196 1246 τούτων-μάλιστα
1230 1162 1262 1223 ὁ
1292 1160 1723 1238 Πλάτων’θᾳε.
1792 1157 1897 1237 30,
1938 1158 2019 1220 19
2065 1158 2123 1222 τί
2169 1157 2275 1223 οὖν
2321 1160 2360 1243 ἡ
2408 1161 2698 1243 ῥητορικὴ
2739 1180 2893 1241 φαν·

535 1268 717 1332 τασία
750 1269 1036 1349 δύναται,
1085 1268 1292 1331 πολλὰ
1339 1269 1448 1349 μὲν
1493 1268 1642 1342 ἴσως
1689 1268 1795 1329 καὶ
1835 1266 1999 1329 ἄλλα
2037 1274 2160 1342 τοῖς
2198 1266 2405 1349 λόγοις
2444 1264 2747 1349 ἐναγώνια
2782 1267 2893 1327 καὶ

536 1376 794 1459 ἐμπαθῆ
830 1373 1312 1459 προσεισφέρειν,
1347 1372 1844 1457 κατακιρναμένη
1879 1372 2080 1455 μέντοι
2112 1382 2243 1448 ταῖς
2280 1381 2731 1457 πραγματικαῐς
2763 1371 2894 1435 ἑπι-

534 1482 884 1566 χειρήσεσιν
919 1483 988 1544 οὐ
1022 1480 1228 1543 πείθει
1260 1482 1364 1543 τὸν
1396 1481 1708 1563 ἀκροατὴν
1744 1479 1927 1562 μόνον
1960 1477 2125 1541 ἀλλὰ
2156 1480 2261 1541 καὶ
2294 1479 2637 1543 δουλοῦται.
2702 1474 2890 1557 Quod

514 1578 919 1665 'responsum
975 1582 1353 1649 accuratius
1400 1583 1592 1650 velim
1650 1583 2046 1663 considereS,
2107 1602 2249 1648 cum
2306 1581 2375 1648 in
2430 1582 2650 1664 priore
2696 1588 2891 1663 parte

535 1688 666 1757 non
699 1693 968 1758 verbum
1001 1690 1254 1756 finitum
1284 1691 1458 1771 quod
1491 1688 1733 1755 dicitur
1770 1689 2279 1756 sedinfinitivus
2313 1690 2606 1770 pendens
2640 1708 2681 1753 a
2712 1691 2893 1755 δύνα-

533 1820 630 1863 ται
661 1798 730 1863 in
761 1797 1287 1881 interrogatione
1318 1796 1534 1877 posito
1565 1796 1849 1880 legatur,
1885 1796 1953 1862 in
1986 1798 2201 1861 altera
2232 1799 2425 1877 parte
2449 1797 2721 1862 verbum
2742 1794 2890 1859 fini—

535 1910 673 1969 tum
712 1910 947 1969 exstet2
1026 1905 1130 1985 34,
1171 1905 1247 1967 11
1284 1906 1395 1970 τίνι
1433 1908 1553 1990 γὰρ
1586 1903 1839 1970 ἐνταῦθ’
1874 1907 1905 1969 ὁ
1938 1906 2140 1991 ῥήτωρ
2180 1905 2503 1988 ἀπέκρυψε
2540 1908 2609 1968 τὸ
2642 1916 2889 1989 σχῆμα,

535 2015 721 2097 δῆλον
756 2016 844 2079 ὅτι
882 2022 969 2097 τῷ
1005 2015 1160 2096 φωτὶ
1193 2015 1379 2096 αὐτῷ.
1461 2009 1564 2091 55,
1605 2010 1640 2073 7
1689 2012 1747 2075 τί
1784 2010 1919 2077 ποτ’
1960 2010 2065 2076 οὖν
2103 2010 2263 2076 εἶδον
2303 2012 2357 2074 οἱ
2396 2012 2632 2075 ἰσόθεοι
2672 2012 2895 2075 ἐκεῖνοι

534 2122 639 2182 καὶ
689 2129 810 2183 τῶν
865 2120 1167 2203 μεγίστων
1222 2114 1654 2203 ἐπορεξάμενοι
1701 2130 1811 2203 τῆς
1858 2130 2235 2203 συγγραφῆς,
2292 2128 2399 2202 τῆς
2454 2115 2506 2181 δ’
2556 2119 2619 2183 ἐν
2665 2120 2895 2181 ἅπασιν

535 2225 847 2310 ἀκριβείας
895 2226 1502 2310 ὑπερφρονήσαντες,
1572 2229 1725 2309 πρὸς
1782 2227 2035 2301 πολλοῖς
2091 2226 2303 2300 ἄλλοις
2360 2226 2558 2289 ἐκεῖνο
2617 2227 2705 2287 ὅτι
2754 2240 2887 2301 eqS.

534 2330 760 2409 Neque
806 2331 930 2394 hoc
968 2330 1110 2395 loco
1151 2348 1415 2395 monere
1455 2329 1684 2394 omitto
1726 2330 2115 2410 scriptorem
2152 2348 2475 2410 responsa
2512 2329 2890 2409 plerumque

533 2455 664 2501 non
698 2434 1001 2517 perfecta
1033 2442 1102 2501 et
1135 2436 1442 2501 absoluta
1475 2435 1934 2502 enuntiatione
1966 2437 2143 2517 dare,
2196 2435 2311 2501 sed
2342 2434 2888 2517 interrogationis

533 2542 808 2607 formam
858 2548 932 2607 ut
975 2542 1074 2607 ita
1122 2542 1332 2608 dicam
1381 2562 1576 2623 porro
1627 2548 1694 2607 et
1728 2543 1813 2608 ad
1845 2542 2035 2607 finem
2069 2543 2324 2623 ducere,
2374 2542 2442 2606 id
2489 2542 2662 2622 quod
2707 2541 2886 2605 Roh-

534 2648 681 2715 dius
719 2648 788 2713 in
827 2666 989 2715 mus,
1012 2706 1014 2709 ,
1040 2650 1221 2715 rhen.
1257 2649 1564 2733 (XXXV.
1603 2669 1664 2729 p.
1701 2649 1875 2733 310.)
1924 2648 2170 2731 attigit.
2251 2650 2477 2730 Neque
2524 2667 2680 2715 vero
2713 2648 2889 2713 Roh-

531 2753 679 2821 dius
728 2755 939 2828 locum
987 2774 1112 2835 quo
1163 2755 1452 2836 scriptor
1497 2758 1581 2819 ab
1621 2758 1930 2822 adamato
1970 2754 2230 2820 dicendi
2270 2774 2508 2837 genere
2548 2754 2889 2821 aberravit

536 2862 666 2948 (12,
705 2862 812 2947 11)
862 2863 944 2927 ob
992 2862 1060 2927 id
1106 2861 1320 2942 ipsum
1367 2862 1537 2927 falso
1585 2861 1902 2927 traditum
1944 2880 2090 2927 esse
2124 2864 2522 2927 contendere
2570 2867 2689 2927 aut
2734 2881 2887 2943 pro-

535 2968 794 3034 nomine
840 2968 1119 3034 relativo
1169 2968 1426 3035 adiecto
1474 2973 1733 3033 mutare
1780 2968 2024 3049 debuit,
2076 2969 2464 3049 praesertim
2515 2987 2659 3033 cum
2705 2970 2890 3033 locus

533 3075 639 3140 hic
677 3075 810 3139 alia
846 3074 1045 3141 etiam
1081 3094 1154 3140 re
1193 3076 1276 3139 ab
1313 3074 1396 3141 iis
1436 3092 1598 3156 quos
1637 3076 1827 3139 modo
1868 3074 2065 3139 attuli
2105 3074 2382 3139 differat.
2458 3076 2684 3156 Neque
2716 3074 2889 3140 enim

535 3182 820 3263 scriptor
864 3182 1008 3262 ipse
1056 3200 1126 3247 se
1162 3182 1554 3266 interrogat,
1607 3184 1723 3247 sed
1769 3182 2083 3247 lectorem
2127 3181 2319 3263 fingit
2368 3200 2448 3245 ex
2493 3181 2637 3262 ipso
2686 3200 2887 3261 quae-

461 3278 465 3284 ’
535 3293 806 3365 rentem,
857 3289 1175 3369 quomodo
1211 3288 1461 3353 animos
1493 3294 1761 3354 nostros
1794 3288 1880 3352 ad
1912 3287 2379 3353 sublimitatem
2411 3288 2643 3353 tollere
2675 3287 2888 3369 possi-

533 3413 694 3459 mus,
770 3397 921 3477 τίνα,
974 3398 1205 3481 φήσεις,
1255 3399 1514 3482 τρόπον,
1564 3398 1849 3483 γέγραφοὶ
1880 3420 2001 3461 που
2034 3398 2140 3460 καὶ
2173 3397 2436 3481 ἑτέρωθι
2467 3400 2537 3461 τὸ
2569 3409 2843 3461 τοιοῦτον
2870 3420 2883 3432 ·

535 3504 690 3586 ὕψος
730 3504 1276 3588 μεγαλοφροσύνης
1314 3505 1637 3591 ἀπήχημα.
1717 3503 1823 3567 Ad
1860 3501 2041 3566 locos
2080 3502 2294 3566 adhuc
2327 3505 2657 3567 tractatos
2690 3501 2888 3566 etiam

535 3606 853 3672 subiectio
887 3626 1056 3687 quae
1089 3610 1194 3689 32,
1227 3610 1260 3671 1
1298 3614 1519 3673 exstat
1553 3609 1856 3673 addenda
1889 3614 2009 3675 est.
2060 3608 2165 3673 Ibi
2190 3608 2652 3673 Demosthenis
2675 3608 2887 3673 locum

535 3732 617 3777 ex
665 3713 964 3778 oratione
1020 3716 1100 3779 de
1158 3733 1403 3779 corona
1459 3720 1787 3796 sumptum
1838 3715 2231 3780 laudaturus
2281 3720 2514 3780 auctor
2560 3718 2887 3799 ἀπόδειξιν,

533 3819 766 3899 inquit,
826 3824 858 3885 ὁ
907 3822 1315 3907 Δημοσθένης
1377 3825 1529 3907 ὑπὲρ
1590 3833 1715 3888 τῶν
1761 3823 2295 3908 πεπολιτευμένων
2341 3824 2627 3908 εἰσφέρει.
2723 3822 2889 3887 Tum

532 3925 937 4009 interrogat:
989 3929 1075 4004 τίς
1123 3927 1175 3993 δ’
1215 3928 1288 4014 ἧν
1334 3931 1374 4014 ἡ
1413 3933 1576 3993 κατὰ
1614 3931 1795 4014 φύσιν
1825 3942 2042 4015 χρῆσις
2083 3933 2295 4014 αὐτῆς,
2357 3928 2582 3993 statim
2614 3948 2889 4009 respon-

537 4050 676 4097 sum
727 4033 1180 4112 subsequitur:
1247 4040 1362 4121 οὐχ
1407 4036 1731 4122 ἡμάρτετε,
1796 4034 1845 4099 ὦ
1908 4038 2122 4120 ἄνδρες
2169 4034 2491 4121 Ἀθηναῖοι
2540 4054 2695 4115 eqS.,
2760 4054 2889 4116 quo

536 4157 854 4219 responso
889 4139 1349 4205 Demosthenis
1388 4142 1592 4206 verba
1623 4159 1700 4205 eo
1737 4140 1964 4205 ordine
1998 4139 2412 4221 adferuntur,
2465 4140 2575 4220 qui
2622 4146 2885 4206 senten-

535 4243 670 4309 tiae
719 4244 956 4326 aptior,
1007 4264 1232 4311 verum
1279 4247 1491 4312 minus
1540 4245 1937 4312 artificiosus
1987 4250 2107 4313 est.

712 4358 848 4416 Iam
896 4351 1086 4417 nobis
1134 4352 1308 4418 viam
1348 4355 1433 4419 ad
1471 4357 1791 4435 quattuor
1830 4354 2269 4420 subiectiones
2309 4354 2885 4436 praemunivimUS‚

3368 2382 3409 2491 ΔΙ
