3417 5059
1598 403 2037 466 *12-

641 596 752 661 ubi
812 596 1058 677 aliquid
1121 596 1383 678 copiose
1445 603 1512 662 et
1569 616 1715 661 cum
1778 603 2017 684 orn-atu
2066 597 2409 662 dicendum
2458 604 2579 679 est,
2644 598 2709 662 in
2758 618 2996 663 narra-

643 702 932 768 tionibus
979 703 1538 784 disputationibus
1586 704 2033 769 communibus
2080 704 2258 768 locis.

818 808 960 874 Iam
1034 809 1296 874 dubium
1372 828 1518 874 esse
1592 828 1723 873 11011
1788 815 2011 889 potest
2081 810 2233 890 quin
2304 809 2738 890 disputationi
2802 830 2995 890 quam

642 934 1006 997 anonymus
1045 916 1124 980 de
1164 915 1566 981 sublimitate
1604 915 1896 981 instituit
1935 916 2075 981 sola
2106 916 2219 980 illa
2250 916 2683 981 Ciceroniana
2712 916 2995 982 latitudo

627 1027 801 1101 ‚apta
852 1021 965 1097 sit;
1031 1041 1162 1086 non
1209 1022 1558 1087 vehemens
1617 1026 1686 1086 et
1739 1021 2023 1088 incitata
2080 1022 2461 1105 magnitudo
2516 1023 2996 1089 Demosthenis.

641 1129 732 1191 Et
771 1138 860 1193 're
907 1148 1066 1193 vera
1124 1148 1266 1193 eam
1323 1133 1465 1193 toto
1523 1128 1688 1193 libro
1747 1128 2135 1209 reperimus,
2200 1128 2265 1193 id
2322 1129 2495 1209 quod
2539 1122 2642 1193 'ex
2702 1135 2996 1193 extrema

641 1234 1112 1314 disputationis
1150 1240 1421 1299 nostrae
1460 1239 1651 1315 parte
1699 1233 1998 1299 elucebit.
2096 1235 2173 1299 Id
2221 1254 2418 1299 unum
2467 1236 2783 1300 addamus
2816 1236 2995 1300 Vah-

593 1408 598 1411 ,
637 1340 874 1421 161111111,
925 1341 1038 1421 qui
1075 1341 1305 1406 librum
1348 1342 1589 1422 optime
1627 1341 1958 1424 cognovit,
2009 1342 2360 1407 identidem
2410 1342 2476 1405 in
2527 1341 2995 1407 dissertatione

640 1466 832 1526 quam
895 1447 1342 1528 prooemiandi
1404 1448 1749 1512 occasione
1815 1466 1971 1511 usus
2021 1468 2077 1512 a.
2124 1448 2698 1512 MDCCCLXXX.
2749 1450 2828 1513 de
2878 1468 2994 1513 au-

640 1560 822 1617 ctore
871 1553 1156 1635 scripsit,
1207 1553 1346 1619 eius
1397 1554 1871 1619 abundantiam
1920 1553 1986 1617 in
2036 1555 2377 1618 condenda
2426 1554 2722 1619 oratione
2770 1560 2838 1618 et
2876 1574 2995 1635 pa-

640 1660 846 1724 tulum
912 1679 990 1724 ac
1052 1660 1348 1725 diffusum
1418 1660 1750 1725 scribendi
1810 1678 2017 1742 genus
2084 1678 2601 1725 commemorare.
2709 1662 2996 1726 Tantum

639 1767 838 1831 etiam
900 1768 1090 1831 abest
1157 1774 1230 1831 ut
1286 1765 1927 1848 Pseudo-Longinus
1982 1765 2157 1829 illam
2217 1766 2709 1831 Ciceronianam
2765 1767 2993 1831 latitu-

639 1872 853 1937 dinem
910 1892 1068 1953 prae
1117 1872 1578 1938 Demosthenis
1638 1870 2090 1954 magnitudine
2140 1891 2346 1954 genus
2395 1873 2815 1937 sublimitatis
2863 1892 2992 1937 11011

637 1983 978 2062 agnoscat,
1030 1984 1104 2043 ut
1152 1978 1445 2059 exemplo
1493 1997 1529 2042 e
1577 1979 1860 2043 Platone
1908 1978 2138 2066 petito,
2192 1978 2303 2042 ubi
2348 1979 2405 2043 is
2453 1979 2668 2043 instar
2712 1978 2994 2043 fluminis

641 2084 791 2149 fuso
845 2084 1102 2149 dicendi
1159 2104 1399 2167 genere
1460 2084 1717 2165 placide
1776 2084 2085 2165 profluit,
2151 2085 2556 2150 demonstret
2616 2104 2692 2150 eo
2754 2104 2995 2168 genere

641 2190 948 2256 sublimes
997 2191 1366 2256 sententias
1413 2192 1580 2256 bene
1619 2190 1896 2271 exprimi
1935 2190 2065 2273 (25,
2121 2192 2245 2274 10).
2339 2192 2475 2255 Iam
2527 2191 2727 2271 supra
2775 2197 2994 2256 autem

640 2297 932 2363 auctoris
992 2297 1423 2363 imitationem
1489 2296 1791 2362 Platonis
1859 2296 2262 2361 ostendimus
2339 2303 2721 2377 tantamque
2796 2317 2995 2379 saepe

641 2403 780 2469 eius
841 2404 1319 2469 sententiarum
1381 2404 1893 2486 magnitudinem
1966 2422 2112 2467 esse
2170 2403 2448 2469 vidimus
2514 2409 2589 2468 ut
2652 2404 2794 2468 sine
2859 2405 2995 2469 ulla

641 2510 1054 2575 dubitatione
1116 2530 1258 2574 cum
1315 2510 1616 2575 Platonis
1677 2509 2050 2591 comparari
2109 2509 2382 2590 possint.
2490 2510 2671 2574 Solet
2720 2510 2991 2575 adfectu

642 2616 855 2697 abripi
914 2616 1004 2681 ibi
1054 2617 1356 2697 maxime,
1426 2617 1538 2681 ubi
1598 2616 1992 2697 scriptorum
2064 2614 2370 2681 sublimes
2429 2616 2607 2680 locos
2667 2616 2992 2697 interpre-
3070 2638 3087 2659 ·

640 2728 842 2787 tatur.
934 2723 1114 2806 Ergo
1177 2722 1599 2788 sublimitatis
1659 2723 1989 2804 interpres
2050 2741 2439 2801 quamquam
2497 2723 2598 2788 vel
2658 2722 2809 2802 quia
2862 2742 2991 2787 non

639 2830 1100 2895 Demosthenis
1132 2831 1578 2895 vehementem
1620 2836 1688 2894 et
1727 2830 2074 2894 incitatum
2114 2827 2468 2908 adfectum,
2521 2830 2635 2893 sed
2668 2831 2991 2909 quandam

640 2935 1132 3001 Ciceronianam
1197 2941 1265 2999 et
1324 2935 1735 3000 Platonicam
1795 2936 2211 3001 latitudinem
2273 2934 2707 3015 disputationi
2770 2944 2993 3015 aptam

641 3028 946 3124 ostendit,
998 3043 1173 3106 inter
1220 3042 1525 3107 sublimes
1575 3047 1879 3107 auctores
1927 3043 2371 3107 numerandus
2418 3047 2536 3105 est.
2756 3104 2761 3110 .

815 3150 915 3213 De
962 3149 1227 3229 reliquis
1277 3149 1530 3214 duabus
1577 3148 1770 3213 huius
1814 3149 2051 3229 capitis
2090 3147 2391 3228 partibus
2430 3152 2533 3211 tot
2569 3147 2789 3212 verbis
2830 3166 2993 3227 opus

639 3274 770 3319 non
819 3260 940 3334 est,
991 3255 1294 3334 quoniam
1332 3255 1493 3319 illud
1533 3257 1705 3335 quod
1745 3256 1824 3321 de
1860 3255 2228 3319 imitatione
2274 3272 2657 3336 magnorum
2706 3253 2993 3319 virorum

641 3361 927 3441 exponit,
977 3361 1104 3426 iam
1154 3362 1219 3425 in
1261 3362 1479 3442 priore
1517 3361 1989 3442 disputationis
2036 3365 2229 3441 parte
2277 3360 2731 3439 t·ractavim11S,
2782 3362 2992 3441 phan-

639 3468 828 3532 tasiis
878 3473 1116 3548 autem,
1177 3468 1404 3547 quales
1463 3469 1639 3548 apud
1698 3474 1932 3549 poetas
1980 3473 2049 3531 et
2093 3467 2422 3532 interdum
2470 3468 2646 3547 apud
2694 3472 2991 3531 oratores

640 3579 928 3655 exstant,
969 3574 1038 3641 in
1070 3574 1520 3655 disputatione
1553 3593 1723 3654 quae
1754 3576 1834 3639 de
1873 3573 2278 3638 sublimitate
2316 3573 2458 3655 agit
2496 3573 2676 3638 locus
2708 3592 2838 3637 non
2874 3576 2991 3638 est.

1744 3751 1893 3818 ΙΙΙ.

816 3875 1214 3958 Figurarum
1269 3914 1355 3923 —
1416 3882 1491 3941 ut
1548 3880 1630 3943 ad
1691 3876 1870 3940 illum
1931 3876 2198 3941 tertium
2262 3874 2682 3939 sublimitatis
2743 3873 2988 3938 fontem

638 3980 976 4047 veniamus
1024 4020 1110 4027 —
1157 3982 1625 4063 disputatione,
1677 3982 1919 4062 quippe
1956 4000 2125 4061 quae
2161 3982 2361 4064 longa
2409 3985 2475 4045 et
2523 3980 2686 4044 adeo
2733 3979 2992 4045 infinita

640 4092 834 4169 esset,
887 4090 971 4153 ab
1019 4095 1293 4154 auctore
1342 4108 1472 4153 non
1531 4087 1789 4153 omnino
1839 4088 2145 4153 absoluta
2191 4106 2312 4151 nos
2361 4105 2503 4151 eam
2542 4086 2991 4165 quaestionem

639 4193 734 4259 ita
802 4194 1208 4286 instituimus
1277 4201 1352 4260 ut
1422 4195 1762 4278 graviores
1832 4194 2080 4276 figuras
2143 4193 2345 4258 libelli
2418 4192 2867 4275 colligeremus
2924 4203 2991 4257 et

641 4306 825 4365 certa
885 4305 1168 4381 quadam
1229 4301 1486 4367 ratione
1542 4301 1607 4365 in
1669 4300 1959 4365 ordinem
2007 4300 2467 4383 redigeremus.
2566 4298 2725 4363 Cum
2771 4304 2990 4364 autem

639 4426 769 4471 non
817 4406 1193 4491 ignoremus
1249 4426 1461 4488 neque
1517 4427 1557 4473 a
1613 4406 1804 4473 nobis
1861 4410 2071 4470 totam
2117 4406 2460 4471 materiam
2507 4404 2774 4470 effusam
2824 4424 2986 4487 esse,
