3417 5059
1519 382 1963 446 —58-

569 576 609 658 ἢ
671 576 1222 661 δημιουργημάτων
1285 562 1696 655 ἀποτύπωσις.
1830 578 1889 660 8,
1951 578 2033 642 10
2109 581 2191 656 ὡς
2253 580 2485 666 φωρίου
2554 587 2711 660 τινὸς
2766 586 2913 668 ἐφα-

567 683 882 768 πτόμενος.
909 680 954 766 1)

745 788 810 872 b)
862 792 1104 876 ὥσπερ;
1170 790 1274 873 50,
1325 792 1364 853 3
1413 794 1721 859 Πλάτωνα
1784 796 1991 878 ὥσπερ
2048 796 2166 859 ὑπὸ
2228 795 2522 881 βακχείας
2576 801 2734 873 τινος
2790 808 2911 862 τῶν

567 897 770 981 λόγων
798 930 876 941 --
905 899 1335 983 ἐκφερόμενον.

745 1002 804 1087 c)
854 1006 1147 1089 ὡσπερείε
1229 1004 1334 1083 54,
1397 1006 1478 1069 16
1543 1007 1951 1094 Δημοσθένης
2027 1010 2288 1094 ὡσπερεὶ
2355 1010 2742 1096 καταβροντᾷ
2807 1015 2911 1075 καί

564 1112 940 1196 καταφὲγγει
988 1117 1127 1189 τοὺς
1174 1111 1280 1177 ἀπ’
1328 1116 1546 1191 αἰῶνος
1593 1115 1871 1202 ῥήτορας.

750 1217 816 1300 (1)
866 1220 1122 1285 ὡσανείε
1185 1219 1288 1299 63,
1339 1221 1380 1283 9
1429 1223 1651 1287 ὡσανεὶ
1699 1224 1957 1309 γόμφοις
2004 1226 2156 1288 τισὶν
2205 1226 2577 1309 ἐπαλλήλοις
2624 1223 2761 1289 κατ’
2812 1227 2909 1311 ἐγ-

563 1330 762 1401 κοπὰς
809 1330 912 1391 καί
961 1329 1385 1413 σκληρότητας
1433 1330 1958 1416 ἐπισυνδεδεμενα.

742 1433 800 1513 e)
850 1433 1001 1500 οἶονε
1066 1432 1171 1515 52,
1225 1435 1260 1497 7
1321 1438 1353 1499 ό
1415 1438 1483 1500 δὲ
1546 1437 1846 1522 Πίνδαρος
1903 1440 2007 1501 καί
2069 1438 2397 1523 Σοφοκλῆς
2455 1440 2557 1502 ότὲ
2619 1442 2727 1525 μὲν
2785 1438 2909 1505 οἷον

562 1541 762 1605 πάντα
809 1543 906 1605 ἐπι
912 1543 1205 1626 φλὲγουσι
1253 1554 1327 1627 τῇ
1375 1554 1554 1628 φορᾷ,
1605 1543 1955 1627 σβέννυνιτα
2004 1542 2056 1607 δ’
2083 1546 2326 1628 ἀλόγως
2373 1546 2691 1622 πολλάκις.

742 1644 796 1729 f)
846 1650 1056 1714 οἱονείε
1109 1650 1288 1715 οἱονεὶ
1322 1651 1525 1735 ψυχήν
1556 1673 1688 1715 τινα
1712 1662 1837 1726 τοῖς
1861 1653 2175 1736 πράγμασι
2202 1657 2552 1736 φωνητικὴν
2578 1654 2907 1718 ἐντιθεῖσα.

741 1754 806 1837 g)
855 1756 1016 1831 πὼςε
1077 1756 1182 1836 33,
1235 1756 1351 1819 23;
1416 1758 1592 1841 φύσει
1650 1781 1781 1835 πως
1837 1768 2151 1844 συμμαχεῖ
2200 1780 2265 1822 τε
2311 1769 2399 1843 τῷ
2446 1761 2585 1847 ὕψει
2633 1764 2711 1823 τὰ
2756 1762 2908 1846 σχή-

562 1885 725 1946 ματα
772 1866 876 1926 καὶ
924 1864 1107 1928 πάλιν
1155 1867 1698 1950 άντισυμμαχεῖται
1747 1868 2127 1951 θαυμαστῶς
2175 1862 2276 1929 ὑπ’
2324 1868 2531 1930 αὐτοῦ.

739 1969 803 2048 11)
851 1973 968 2034 οὐκ
1009 1968 1124 2034 οἷδ’
1174 1974 1370 2047 ὅπως;
1434 1969 1792 2057 Ἰσοκράτης
1848 1976 1965 2036 οὐκ
2011 1972 2121 2037 οἶδ’
2174 1976 2339 2049 ὅπως
2395 1976 2609 2049 παιδὸς
2655 1986 2909 2060 πρᾶγμα

561 2079 818 2141 ἔπαθεν.

737 2182 783 2266 i)
833 2187 1087 2269 σχεδόνε
1141 2185 1244 2265 61,
1285 2185 1368 2247 23
1417 2188 1639 2270 σχεδὸν
1688 2188 1752 2250 ἐν
1798 2196 1929 2263 ταῖς
1978 2189 2278 2271 περιόδοις
2326 2190 2538 2272 ἐρανός
2587 2190 2712 2253 ἐστι
2752 2190 2906 2272 πλή-

559 2294 714 2367 θους
760 2296 838 2355 τὰ
885 2292 1146 2377 μεγέθη.
1212 2314 1219 2319 ·

697 2414 749 2467 ΙΙ.
789 2415 1089 2481 alienoriae
1130 2428 1352 2481 quarum
1393 2416 1787 2471 excusationes
1826 2416 1893 2471 ad
1933 2416 2148 2484 sinuula
2187 2417 2454 2472 vocabula
2493 2418 2780 2483 spectant:

737 2507 802 2588 a)
853 2510 1092 2591 ὥσπερε
1158 2506 1264 2586 27,
1321 2508 1400 2570 16
1454 2508 1694 2592 ἀνάγκη
1758 2510 1863 2571 καὶ
1910 2512 1988 2571 τὰ
2034 2510 2586 2594 συλλαμβανόμενα
2633 2512 2752 2574 ὑπὸ
2798 2522 2905 2595 τῆς

557 2616 774 2677 τούτου
852 2616 1052 2699 ψυχῆς
1118 2616 1307 2699 ἀτελῆ
1373 2618 1478 2679 καὶ
1543 2617 1747 2699 τυφλὰ
1818 2618 2025 2699 ὥσπερ
2092 2616 2507 2701 άμβλοῠσθαι,
2585 2620 2735 2700 πρὸς
2800 2628 2906 2700 τῆς

557 2722 1006 2806 ὑστεροφημίας
1055 2723 1214 2797 ὅλως
1263 2726 1343 2807 μὴ
1391 2723 1924 2807 τελεσφορούμενα
1970 2724 2208 2807 χρόνον.

734 2828 798 2908 b)
849 2827 1004 2893 οἶονε
1065 2829 1168 2910 36,
1217 2828 1256 2891 5
1316 2833 1460 2894 ὅταν
1517 2830 1624 2893 δύο
1681 2833 1720 2913 ἢ
1777 2830 1912 2913 τρία
1970 2828 2095 2894 οἷον
2151 2834 2314 2893 κατὰ
2369 2830 2707 2914 συμμορίαν
2760 2832 2903 2895 ἀνα-

555 2936 888 3020 κιρναμὲνα
954 2937 1245 3021 ἀλλήλοις
1311 2918 1556 3021 ἐρανίζη
1621 2941 1731 3020 τὴν
1803 2938 1978 3021 ἰσχὺν
2050 2940 2161 3023 τὴν
2227 2938 2430 3000 πειθὼ
2503 2940 2573 3000 τὸ
2638 2938 2899 3017 κάλλος,

556 3040 660 3120 66,
698 3039 782 3102 20
831 3043 1126 3107 ἑκάστοτε
1172 3046 1249 3107 τὰ
1288 3044 1524 3127 ψυχικὰ
1571 3044 2003 3128 προτερήματα
2040 3053 2162 3108 τῶν
2201 3045 2473 3128 ῥητόρων
2513 3043 2900 3128 μελετώμενα

555 3150 852 3213 ἀκοναται
913 3152 1017 3213 καί
1080 3172 1204 3215 οιον
1267 3150 1604 3234 ἐκτρίβεται
1671 3174 1777 3214 και
1840 3160 1963 3227 τοῖς
2025 3152 2339 3235 πράγμασι
2402 3154 2564 3214 κατὰ
2623 3154 2692 3213 τὸ
2739 3152 2901 3225 εἰκὸς

733 3288 772 3357 1)
809 3288 1054 3342 Rohdius
1097 3289 1154 3341 in
1192 3290 1328 3341 Mus,
1368 3290 1538 3342 Rhen.
1581 3290 1842 3358 (XXXV.‚
1882 3290 2025 3359 310.)
2062 3294 2133 3353 ὡς
2172 3293 2283 3355 φὼρ
2322 3295 2402 3341 ἰοῦ
2440 3308 2577 3353 τινος
2615 3290 2901 3357 legendum

551 3378 820 3445 proponit.
907 3378 1057 3443 Quae
1113 3378 1426 3431 coniectura
1479 3378 1632 3433 nobis
1691 3395 1800 3431 non
1856 3380 2133 3445 probatur.
2226 3378 2364 3431 Nam
2420 3395 2739 3445 quamquam
2794 3394 2901 3432 non

554 3466 928 3521 contendimus
993 3482 1150 3535 posse
1215 3468 1367 3521 nullo
1433 3468 1587 3521 modo
1651 3466 1909 3536 frigidam
1946 3466 2319 3536 Xenophontis
2376 3483 2559 3521 vocem
2613 3482 2735 3520 cum
2786 3466 2897 3521 viro

553 3555 854 3624 comparari
875 3588 938 3595 —
962 3572 1098 3623 quae
1135 3557 1348 3624 quidem
1375 3558 1706 3625 comparatio
1742 3556 1979 3611 difficilis
2020 3563 2075 3610 et
2112 3562 2365 3611 contorta
2394 3557 2610 3611 videtur
2632 3588 2698 3595 —-
2720 3565 2899 3609 tamen

552 3646 730 3699 facere
782 3662 890 3699 non
941 3660 1224 3714 possumus
1276 3645 1404 3712 quin
1455 3660 1777 3711 quaeramus
1834 3662 1963 3699 num
2014 3646 2163 3698 iures
2214 3646 2367 3699 virus
2420 3646 2635 3699 auferre
2673 3647 2899 3699 soleant.

554 3734 778 3788 Accedit
815 3734 956 3801 quod
994 3736 1100 3789 viri
1135 3736 1285 3787 notio
1323 3751 1544 3801 prorsus
1585 3742 1921 3802 supervacua
1961 3740 2045 3787 est
2080 3750 2251 3801 neque
2291 3736 2504 3788 omnino
2543 3733 2900 3789 desideratur.

552 3826 760 3877 Auctor
797 3840 916 3877 cum
957 3823 1133 3877 dicere
1170 3824 1336 3877 vellet
1373 3840 1534 3890 quam
1560 3825 1751 3890 cupide
1777 3824 2031 3877 Timaeus
2069 3824 2220 3877 illam
2246 3839 2430 3879 vocem
2457 3824 2901 3890 Xenophonteam

552 3913 878 3980 adripuisset
915 3914 1052 3967 satis
1089 3912 1282 3967 habuit
1320 3928 1441 3966 eum
1479 3929 1600 3967 cum
1638 3912 1758 3965 iure
1796 3912 1999 3978 aliquid
2026 3912 2308 3967 auferente
2340 3927 2667 3980 comparare.
2708 3913 2901 3979 Itaque

551 4006 620 4065 ὡς
667 4008 862 4068 φωρίου
908 4007 1043 4066 τινὀς
1089 4007 1444 4069 ἐφαπτόμενος
1491 4002 1725 4070 scripsit,
1774 4001 1967 4069 quibus
2016 4002 2193 4056 verbis
2242 4003 2395 4056 nobis
2434 4001 2648 4069 quidem
2686 4002 2901 4055 videtur

551 4092 692 4145 idem
744 4092 921 4146 dicere
972 4092 1208 4146 voluisse
1256 4092 1397 4158 quod
1448 4091 1627 4145 verbis
1677 4107 1793 4144 rem
1846 4091 1993 4145 furto
2041 4092 2283 4145 ablatam
2330 4106 2520 4159 capere
2558 4097 2614 4143 et
2654 4091 2898 4159 adripere

550 4181 636 4235 vel
683 4182 891 4235 furtum
940 4182 1119 4234 facere
1166 4180 1503 4248 exprimitur.
1590 4180 1716 4234 Sola
1762 4180 2057 4235 difficultas
2096 4180 2151 4233 in
2191 4196 2251 4234 eo
2291 4187 2391 4250 est,
2430 4181 2571 4247 quod
2610 4181 2899 4247 scriptores

549 4276 754 4336 φωριων
791 4286 1015 4324 numero
1054 4271 1254 4337 plurali
1291 4271 1374 4323 uti
1413 4270 1606 4324 solent.
1683 4270 1786 4323 Sed
1824 4285 1944 4323 cum
1983 4271 2393 4339 cognoverimus
2432 4274 2711 4323 auctorem
2748 4284 2897 4337 mag-

548 4376 678 4413 num
715 4375 999 4413 numerum
1035 4358 1419 4413 vocabulorum
1456 4358 1632 4427 ipsum
1669 4358 1906 4427 finxisse,
1946 4360 2086 4413 hunc
2125 4375 2333 4426 quoque
2370 4364 2567 4425 φωρίου
2605 4357 2899 4426 singularis

549 4448 760 4502 numeri
798 4464 956 4502 usum
994 4448 1042 4501 ei
1081 4449 1451 4503 concedamus,
