3417 5059
1371 312 1929 418 ¹—25—

533 564 746 636 ταῦτα,
795 554 1091 639 καθ-οἱπερ
1139 564 1246 637 τῆς
1284 552 1618 637 ἐπιτυχίας,
1669 540 1863 628 οὕτως
1902 554 2087 637 ἀρχαὶ
2127 553 2232 615 καὶ
2265 553 2597 629 ὑποθέσεις
2628 556 2734 616 καί
2766 564 2889 617 τῶν

535 660 823 726 ἐναντίων
869 660 1300 725 καθίστανται.
1372 657 1620 721 Eodem
1669 659 1857 722 modo
1907 657 2013 738 56,
2050 656 2091 719 4
2138 675 2269 721 11011
2318 657 2400 720 de
2440 662 2721 736 cratere,
2774 658 2887 721 sed

536 768 616 831 de
664 764 1031 830 crateribus
1078 765 1336 829 Aetnae
1383 762 1676 843 loquitur
1725 763 1871 849 (τῶν
1918 776 2025 850 τῆς
2071 764 2296 849 Αἴτνης
2344 763 2715 850 κρατήρων).

715 870 904 953 Quod
945 876 1163 936 autem
1196 869 1839 953 Pseudo-Longinus
1882 870 2099 951 40,17
2150 870 2249 933 ad
2296 871 2697 935 lectorem
2754 890 2887 935 su-

538 978 709 1041 bito
757 978 1016 1041 verba
1065 975 1526 1058 derigenda
1577 995 1723 1040 esse
1772 976 1931 1041 dicit
1969 976 2321 1063 (ἐναγώνιος
2356 976 2408 1042 δ’
2446 978 2669 1063 ὁμοίως
2705 982 2810 1043 καὶ
2848 982 2888 1064 ἡ

534 1096 657 1151 τῶν
703 1084 1054 1169 προσώπων
1092 1086 1560 1169 ἀντιμετάθεσις
1598 1086 1702 1148 καὶ
1744 1086 2045 1161 πολλάκις
2081 1086 2148 1149 ἐν
2188 1085 2393 1169 μέσοις
2430 1095 2554 1162 τοῖς
2590 1087 2889 1163 κινδύνοις

533 1203 796 1257 ποιοῦσα
842 1196 946 1257 τὸν
1003 1194 1314 1276 ἀκροατὴν
1363 1193 1565 1256 δοκεῖν
1613 1188 2042 1276 στρέφεσθαι),
2103 1190 2187 1253 ad
2235 1208 2378 1253 eam
2415 1190 2708 1272 regulam
2755 1210 2886 1256 non

536 1296 741 1361 solum
790 1315 865 1361 eo
912 1296 1056 1376 ipso
1107 1296 1325 1376 capite
1373 1295 1474 1361 bis
1524 1296 1653 1380 (41,
1706 1298 1745 1359 2
1794 1299 1959 1382 ὁρᾷς,
2011 1295 2060 1360 ὦ
2110 1298 2329 1382 ἑταῖρε,
2380 1298 2463 1373 ὡς
2502 1314 2633 1375 eqs,
2673 1302 2740 1361 et
2778 1300 2883 1376 41,

535 1404 575 1467 6
625 1408 770 1469 ὅταν
817 1406 900 1481 ὡς
947 1408 1018 1468 οὐ
1067 1408 1217 1489 πρὸς
1265 1407 1539 1481 ἅπαντας
1585 1402 1726 1469 ἀλλ’
1776 1405 1859 1481 ὡς
1896 1408 2046 1489 πρὸς
2086 1405 2271 1489 μόνον
2308 1407 2442 1469 τινὰ
2479 1403 2720 1488 λαλῇς),
2772 1406 2886 1468 sed

536 1508 915 1589 saepissime
971 1509 1276 1589 loquitur.
1377 1510 1620 1575 Verum
1678 1515 1919 1591 tamen,
1994 1527 2137 1573 cum
2197 1508 2458 1591 longum
2518 1508 2607 1574 sit
2664 1527 2887 1575 omnes

533 1613 680 1681 illos
741 1617 918 1681 locos
978 1616 1208 1696 plenos
1255 1615 1646 1695 exscribere,
1711 1634 1825 1680 eos
1874 1615 2048 1680 solos
2095 1615 2199 1679 hic
2248 1633 2585 1696 ponamuS,
2650 1614 2886 1695 quibus

535 1727 768 1787 auctor
815 1723 1286 1788 Terentianum
1341 1722 1616 1787 amicum
1679 1722 1939 1787 nomine
1994 1723 2099 1788 vel
2158 1720 2349 1786 simili
2406 1721 2887 1803 significatione

535 1828 942 1908 adloquitur:
1012 1831 1068 1909 1,
1130 1831 1168 1894 2
1215 1832 1562 1915 Ποστούμιε
1621 1832 1981 1915 Τερεντιανὲ
2038 1830 2309 1915 φίλτατε.
2404 1830 2510 1906 44,
2572 1830 2639 1909 7;
2689 1830 2793 1907 66,
2848 1832 2884 1893 7

536 1936 894 2021 Τερεντιανὲ
949 1938 1220 2021 φίλτατε.
1316 1937 1420 2017 24,
1495 1936 1579 1999 20
1641 1938 1893 2022 φίλτατε
1952 1937 2327 2022 Τερεντιανὲ.
2432 1935 2493 2015 3,
2558 1936 2623 2014 1;
2683 1937 2739 2016 7,
2804 1938 2883 2001 17

536 2044 894 2128 Τερεντιανὲ
955 2046 1182 2128 ἥδιστε.
1286 2045 1347 2124 9,
1412 2043 1493 2106 16
1556 2042 1605 2107 ὦ
1665 2044 1858 2128 φίλος.
1963 2042 2067 2123 25,
2129 2042 2242 2121 25;
2300 2042 2405 2121 33,
2466 2043 2549 2105 22
2612 2044 2884 2128 φίλτατε.

535 2148 640 2229 59,
703 2150 784 2211 12
832 2151 1138 2235 κράτιστε.
1236 2150 1338 2231 14,
1402 2151 1482 2213 12
1533 2152 1753 2235 ἑταῖρε.
1848 2149 1952 2229 41,
2014 2150 2053 2211 2
2112 2148 2161 2213 ὦ
2211 2152 2430 2235 ἑταῖρε.
2525 2149 2886 2215 Praeterea

535 2260 768 2320 auctor
821 2255 980 2320 illud
1038 2252 1462 2336 praeceptum
1519 2254 1621 2319 his
1679 2254 1789 2334 qui
1846 2253 2284 2334 insequuntur
2339 2254 2501 2319 locis
2549 2256 2882 2336 observat,

534 2380 921 2441 quamquam
995 2381 1480 2443 nonnumquam
1556 2362 1875 2425 dubitare·
1941 2365 2151 2442 poteS,
2230 2366 2450 2426 utrum
2522 2362 2729 2427 verba
2801 2364 2885 2426 ad

533 2467 1001 2535 Terentianum
1061 2488 1142 2532 an
1203 2470 1288 2533 ad
1345 2486 1568 2534 omnes
1624 2468 1908 2533 lectores
1956 2467 2247 2551 derigat:
2314 2469 2374 2549 2,
2426 2468 2494 2547 8;
2546 2468 2606 2548 5,
2656 2468 2726 2548 9;
2782 2468 2882 2549 10,

533 2574 2882 2657 9;10,13;12,11;14,12;18,14;21,3;23,16;25,3;25,12;

532 2684 635 2763 27,
682 2683 792 2763 14;
844 2683 948 2763 28,
990 2683 1060 2763 6;
1112 2683 1364 2763 29,11;
1417 2682 1522 2763 36,
1565 2682 1678 2762 24;
1730 2683 1835 2762 38,
1878 2684 1992 2761 273
2043 2681 2149 2762 40,
2195 2682 2306 2762 123
2358 2682 2462 2761 41,
2505 2681 2574 2761 93
2626 2681 2881 2763 44,12;

532 2790 636 2871 51,
688 2792 800 2870 22;
865 2790 968 2870 52,
1021 2789 1090 2870 5;
1155 2790 1260 2867 58,
1312 2791 1424 2870 28;
1490 2790 1595 2871 60,
1650 2791 1719 2870 7;
1786 2791 1892 2870 61,
1946 2792 2013 2869 ’7;
2083 2790 2188 2870 62,
2243 2790 2354 2870 11;
2424 2789 2529 2864 66,
2580 2789 2648 2867 6;
2700 2788 2781 2855 al.

707 2897 835 2961 Sed
881 2896 1222 2963 veniamus
1271 2897 1356 2961 ad
1405 2896 1779 2962 sententiae
1824 2896 2091 2979 figuras
2172 2897 2271 2961 Ac
2311 2894 2587 2977 primum
2624 2893 2885 2976 quidem

499 2993 504 2997 ’
531 3003 612 3069 (16
653 3004 1232 3068 exclamatione
1265 3003 1681 3069 disseramus
1730 3002 1929 3070 Cuius
1962 3003 2213 3086 figurae
2244 3022 2445 3069 unum
2476 3003 2651 3083 quod
2681 3002 2885 3069 sciam

531 3110 891 3191 exemplum
939 3110 1113 3190 apud
1160 3109 1830 3193 Pseudo-Longinum
1876 3116 2115 3175 exstat.
2178 3110 2237 3191 8,
2288 3111 2328 3174 6
2376 3115 2610 3174 auctor
2656 3108 2883 3175 Xeno-

530 3218 842 3297 phontem
882 3216 1288 3297 vituperanS,
1344 3218 1518 3297 quod
1567 3217 1852 3297 pupillas
1906 3216 2237 3281 oculorum
2289 3216 2541 3297 puellas
2590 3215 2883 3296 appella-

529 3323 721 3405 verit,
756 3325 918 3389 haec
951 3324 1300 3388 exclamat:
1346 3324 1470 3391 οἷον
1504 3328 1572 3390 δὲ
1603 3322 1930 3410 Ἡράκλεις
1960 3328 2031 3389 τὸ
2062 3328 2170 3402 τὰς
2203 3326 2491 3390 ἁπάντων
2524 3324 2663 3409 ἑξῆς
2694 3326 2884 3409 κόρας

529 3434 941 3519 αἰσχυντηλὰς
1001 3431 1152 3498 εἶναι
1212 3434 1568 3514 πεπεῖσθαι,
1634 3436 1787 3497 ὅπου
1851 3433 2035 3516 φασὶν
2097 3432 2295 3496 οὐδενὶ
2355 3435 2549 3507 οὕτως
2596 3430 2883 3515 ἐνσημαί-

529 3541 750 3604 νεσθαι
780 3541 892 3626 τήν
922 3562 1102 3605 τινων
1135 3540 1442 3605 ἀναίδειαν
1475 3540 1558 3616 ὡς
1597 3540 1661 3604 ἐν
1698 3548 1824 3615 τοῖς
1863 3539 2233 3623 ὀφθαλμοῖς.
2306 3534 2514 3617 Quam
2554 3536 2882 3601 exclama-

530 3643 772 3709 tionem
803 3664 928 3726 quo
954 3644 1504 3711 vehementiorem
1529 3644 1837 3709 redderet
1866 3642 2194 3729 Ἡράκλεις
2226 3641 2287 3707 61
2315 3640 2731 3723 interposuit.
2778 3640 2883 3707 Ea

529 3750 791 3817 iurandi
836 3757 912 3817 ut
956 3752 1055 3817 ita
1103 3752 1313 3817 dicam
1361 3752 1644 3818 formula
1691 3750 1979 3832 scriptor
2026 3768 2226 3831 saepe
2272 3767 2431 3815 usus
2484 3754 2588 3815 est
2634 3752 2703 3815 et
2738 3747 2881 3830 ipse

532 3876 674 3924 eam
729 3859 796 3924 in
852 3858 1018 3924 libro
1079 3858 1560 3925 commendavit
1617 3858 1747 3943 (32,
1800 3857 1883 3942 9).
1978 3856 2125 3939 Qua
2173 3858 2255 3923 de
2302 3874 2505 3921 causa
2550 3855 2657 3919 hic
2700 3855 2881 3921 locos

532 3966 922 4031 enumerabo
972 3965 1206 4045 quibus
1256 3964 1559 4031 occurrit.
1984 3972 1986 3975 ⁴

709 4072 985 4137 Praeter
1031 4073 1242 4137 locum
1289 4073 1478 4137 modo
1527 4075 1908 4149 tractatum,
1958 4069 2068 4151 qui
2117 4070 2293 4135 solus
2339 4067 2646 4135 Herculis
2690 4067 2880 4134 invo-

533 4176 857 4244 cationem
942 4178 1248 4245 vocativo
1335 4197 1495 4243 casu
1582 4176 1867 4259 exhibet,
1956 4176 2305 4242 duodecies
2389 4175 2568 4242 Iovis
2644 4192 2881 4240 nomen

533 4283 914 4351 accusativo
981 4303 1139 4349 casu
1199 4284 1311 4365 qui
1367 4305 1408 4349 a
1469 4291 1540 4371 νὴ
1614 4285 1860 4364 pendet
1917 4282 2273 4349 invenitur.
2379 4283 2536 4348 Cum
2604 4281 2674 4347 in
2731 4280 2881 4363 ipsa

534 4388 832 4472 formula,
875 4408 1066 4470 quam
1107 4392 1283 4471 apud.
1322 4391 1680 4473 scriptores
1721 4390 2017 4455 Graecos
2057 4389 2470 4470 frequentem
2508 4406 2654 4454 esse
2692 4405 2878 4453 nemo

1219 4569 1944 4981 f>

1229 4808 1248 4840 ,
1323 4725 1853 4818 υΝινεκειΤΥ

1243 4836 1801 4995 Qissssffi*
