<?xml version="1.0" encoding="UTF-8"?>
<!DOCTYPE html PUBLIC "-//W3C//DTD XHTML 1.0 Transitional//EN"
    "http://www.w3.org/TR/xhtml1/DTD/xhtml1-transitional.dtd">
<html xmlns="http://www.w3.org/1999/xhtml" xml:lang="en" lang="en">
 <head>
  <title>
</title>
<meta http-equiv="Content-Type" content="text/html;charset=utf-8" />
  <meta name='ocr-system' content='tesseract 3.04.00' />
  <meta name='ocr-capabilities' content='ocr_page ocr_carea ocr_par ocr_line ocrx_word'/>
</head>
<body>
  <div class='ocr_page' id='page_1' title='image "./deanonymiperihy01freygoog_0031.png"; bbox 0 0 3417 5059; ppageno 0'>
   <div class='ocr_carea' id='block_1_1' title="bbox 1477 366 1919 432">
    <p class='ocr_par' dir='ltr' id='par_1_1' title="bbox 1477 366 1919 432">
     <span class='ocr_line' id='line_1_1' title="bbox 1477 366 1919 432; baseline 0.002 -19"><span class='ocrx_word' id='word_1_1' title='bbox 1477 366 1919 432; x_wconf 44' lang='lat' dir='ltr'><strong>*28ss</strong></span> 
     </span>
    </p>
   </div>
   <div class='ocr_carea' id='block_1_2' title="bbox 517 560 2881 4481">
    <p class='ocr_par' dir='ltr' id='par_1_2' title="bbox 521 560 2881 3097">
     <span class='ocr_line' id='line_1_2' title="bbox 523 560 2881 648; baseline -0.001 -17"><span class='ocrx_word' id='word_1_2' title='bbox 523 565 703 646; x_wconf 88' lang='lat' dir='ltr'><strong>tiam,</strong></span> <span class='ocrx_word' id='word_1_3' title='bbox 771 568 846 628; x_wconf 90' lang='lat' dir='ltr'><strong>ut</strong></span> <span class='ocrx_word' id='word_1_4' title='bbox 890 563 988 627; x_wconf 92' lang='lat' dir='ltr'><strong>ita</strong></span> <span class='ocrx_word' id='word_1_5' title='bbox 1035 561 1267 643; x_wconf 89' lang='lat' dir='ltr'><strong>dicam,</strong></span> <span class='ocrx_word' id='word_1_6' title='bbox 1340 561 1789 642; x_wconf 85' lang='lat' dir='ltr'><strong>praeparavit,</strong></span> <span class='ocrx_word' id='word_1_7' title='bbox 1860 560 2267 644; x_wconf 87' lang='lat' dir='ltr'><strong>interrogat:</strong></span> <span class='ocrx_word' id='word_1_8' title='bbox 2338 563 2461 648; x_wconf 83' lang='grc' dir='ltr'><strong>ἆρα</strong></span> <span class='ocrx_word' id='word_1_9' title='bbox 2507 565 2582 648; x_wconf 83' lang='grc' dir='ltr'><strong>δὴ</strong></span> <span class='ocrx_word' id='word_1_10' title='bbox 2651 564 2881 648; x_wconf 81' lang='grc' dir='ltr'>μείζων</span> 
     </span>
     <span class='ocr_line' id='line_1_3' title="bbox 525 666 2873 760; baseline -0.003 -20"><span class='ocrx_word' id='word_1_11' title='bbox 525 673 778 760; x_wconf 81' lang='grc' dir='ltr'>ποιητής</span> <span class='ocrx_word' id='word_1_12' title='bbox 835 674 945 752; x_wconf 82' lang='grc'>(30.</span> <span class='ocrx_word' id='word_1_13' title='bbox 992 668 1476 734; x_wconf 86' lang='lat' dir='ltr'><strong>Eratosthenes</strong></span> <span class='ocrx_word' id='word_1_14' title='bbox 1531 667 1981 749; x_wconf 86' lang='lat' dir='ltr'><strong>Archilocho);</strong></span> <span class='ocrx_word' id='word_1_15' title='bbox 2056 666 2319 732; x_wconf 89' lang='lat' dir='ltr'><strong>dubium</strong></span> <span class='ocrx_word' id='word_1_16' title='bbox 2378 687 2510 732; x_wconf 91' lang='lat' dir='ltr'><strong>non</strong></span> <span class='ocrx_word' id='word_1_17' title='bbox 2567 672 2670 733; x_wconf 91' lang='lat' dir='ltr'><strong>est</strong></span> <span class='ocrx_word' id='word_1_18' title='bbox 2716 668 2873 748; x_wconf 91' lang='lat' dir='ltr'><strong>quin</strong></span> 
     </span>
     <span class='ocr_line' id='line_1_4' title="bbox 525 772 2880 858; baseline -0.003 -14"><span class='ocrx_word' id='word_1_19' title='bbox 525 778 973 858; x_wconf 89' lang='lat' dir='ltr'><strong>unusquisque</strong></span> <span class='ocrx_word' id='word_1_20' title='bbox 1013 774 1475 841; x_wconf 80' lang='lat' dir='ltr'><strong>Archilochum</strong></span> <span class='ocrx_word' id='word_1_21' title='bbox 1522 772 1832 837; x_wconf 89' lang='lat' dir='ltr'><strong>maiorem</strong></span> <span class='ocrx_word' id='word_1_22' title='bbox 1878 777 2141 855; x_wconf 90' lang='lat' dir='ltr'><strong>poetam</strong></span> <span class='ocrx_word' id='word_1_23' title='bbox 2181 772 2360 839; x_wconf 92' lang='lat' dir='ltr'><strong>dicat</strong></span> <span class='ocrx_word' id='word_1_24' title='bbox 2398 792 2561 838; x_wconf 90' lang='lat' dir='ltr'><strong>esse.</strong></span> <span class='ocrx_word' id='word_1_25' title='bbox 2640 774 2880 840; x_wconf 88' lang='lat' dir='ltr'><strong>Altera</strong></span> 
     </span>
     <span class='ocr_line' id='line_1_5' title="bbox 523 878 2874 966; baseline -0.002 -16"><span class='ocrx_word' id='word_1_26' title='bbox 523 881 960 966; x_wconf 88' lang='lat' dir='ltr'><strong>interrogatio</strong></span> <span class='ocrx_word' id='word_1_27' title='bbox 1009 880 1341 946; x_wconf 87' lang='lat' dir='ltr'><strong>rhetorica</strong></span> <span class='ocrx_word' id='word_1_28' title='bbox 1390 878 1701 963; x_wconf 88' lang='lat' dir='ltr'><strong>negativo</strong></span> <span class='ocrx_word' id='word_1_29' title='bbox 1753 898 1951 945; x_wconf 91' lang='lat' dir='ltr'><strong>sensu</strong></span> <span class='ocrx_word' id='word_1_30' title='bbox 1998 879 2302 961; x_wconf 88' lang='lat' dir='ltr'><strong>praedita</strong></span> <span class='ocrx_word' id='word_1_31' title='bbox 2341 880 2445 960; x_wconf 84' lang='lat'><strong>69,</strong></span> <span class='ocrx_word' id='word_1_32' title='bbox 2499 880 2581 945; x_wconf 87' lang='grc'><strong>10</strong></span> <span class='ocrx_word' id='word_1_33' title='bbox 2631 884 2874 947; x_wconf 91' lang='lat' dir='ltr'><strong>exstat.</strong></span> 
     </span>
     <span class='ocr_line' id='line_1_6' title="bbox 525 986 2878 1070; baseline -0.001 -14"><span class='ocrx_word' id='word_1_34' title='bbox 525 990 834 1057; x_wconf 77' lang='lat' dir='ltr'><strong>Similiter</strong></span> <span class='ocrx_word' id='word_1_35' title='bbox 881 1006 960 1053; x_wconf 89' lang='lat' dir='ltr'><strong>ac</strong></span> <span class='ocrx_word' id='word_1_36' title='bbox 999 1007 1202 1069; x_wconf 90' lang='lat' dir='ltr'><strong>supra</strong></span> <span class='ocrx_word' id='word_1_37' title='bbox 1241 986 1526 1068; x_wconf 80' lang='lat' dir='ltr'><strong>scriptor</strong></span> <span class='ocrx_word' id='word_1_38' title='bbox 1561 987 2150 1070; x_wconf 77' lang='lat' dir='ltr'><strong>interrogationem</strong></span> <span class='ocrx_word' id='word_1_39' title='bbox 2190 987 2357 1053; x_wconf 90' lang='lat' dir='ltr'><strong>serie</strong></span> <span class='ocrx_word' id='word_1_40' title='bbox 2398 988 2878 1053; x_wconf 90' lang='lat' dir='ltr'><strong>sententiarum</strong></span> 
     </span>
     <span class='ocr_line' id='line_1_7' title="bbox 525 1094 2879 1183; baseline -0.002 -21"><span class='ocrx_word' id='word_1_41' title='bbox 525 1095 972 1179; x_wconf 86' lang='lat' dir='ltr'><strong>praeparavit,</strong></span> <span class='ocrx_word' id='word_1_42' title='bbox 1045 1095 1150 1160; x_wconf 94' lang='lat' dir='ltr'><strong>cui</strong></span> <span class='ocrx_word' id='word_1_43' title='bbox 1209 1101 1328 1183; x_wconf 82' lang='grc' dir='ltr'><strong>γὰρ</strong></span> <span class='ocrx_word' id='word_1_44' title='bbox 1403 1094 1797 1176; x_wconf 82' lang='lat' dir='ltr'><strong>particulam</strong></span> <span class='ocrx_word' id='word_1_45' title='bbox 1858 1094 2217 1177; x_wconf 83' lang='lat' dir='ltr'><strong>praemisit,</strong></span> <span class='ocrx_word' id='word_1_46' title='bbox 2292 1114 2681 1176; x_wconf 85' lang='lat' dir='ltr'><strong>quamquam</strong></span> <span class='ocrx_word' id='word_1_47' title='bbox 2741 1095 2879 1159; x_wconf 89' lang='lat' dir='ltr'><strong>alia</strong></span> 
     </span>
     <span class='ocr_line' id='line_1_8' title="bbox 525 1200 2878 1285; baseline -0.002 -16"><span class='ocrx_word' id='word_1_48' title='bbox 525 1204 723 1269; x_wconf 91' lang='lat' dir='ltr'><strong>etiam</strong></span> <span class='ocrx_word' id='word_1_49' title='bbox 771 1201 1123 1285; x_wconf 89' lang='lat' dir='ltr'><strong>sententia,</strong></span> <span class='ocrx_word' id='word_1_50' title='bbox 1175 1202 1280 1267; x_wconf 93' lang='lat' dir='ltr'><strong>cui</strong></span> <span class='ocrx_word' id='word_1_51' title='bbox 1329 1208 1483 1270; x_wconf 84' lang='grc' dir='ltr'>ὅπου</span> <span class='ocrx_word' id='word_1_52' title='bbox 1510 1206 1590 1269; x_wconf 73' lang='grc' dir='ltr'><strong>’δὲ</strong></span> <span class='ocrx_word' id='word_1_53' title='bbox 1627 1202 1835 1268; x_wconf 88' lang='lat' dir='ltr'><strong>verba</strong></span> <span class='ocrx_word' id='word_1_54' title='bbox 1872 1202 2258 1283; x_wconf 88' lang='lat' dir='ltr'><strong>praeposita</strong></span> <span class='ocrx_word' id='word_1_55' title='bbox 2296 1208 2471 1283; x_wconf 91' lang='lat' dir='ltr'><strong>sunt,</strong></span> <span class='ocrx_word' id='word_1_56' title='bbox 2522 1200 2878 1267; x_wconf 84' lang='lat' dir='ltr'><strong>antecedit.</strong></span> 
     </span>
     <span class='ocr_line' id='line_1_9' title="bbox 524 1304 2879 1392; baseline -0.002 -16"><span class='ocrx_word' id='word_1_57' title='bbox 524 1311 692 1375; x_wconf 89' lang='lat' dir='ltr'><strong>Nam</strong></span> <span class='ocrx_word' id='word_1_58' title='bbox 730 1314 981 1392; x_wconf 88' lang='lat' dir='ltr'><strong>auctor,</strong></span> <span class='ocrx_word' id='word_1_59' title='bbox 1031 1312 1380 1391; x_wconf 83' lang='lat' dir='ltr'><strong>postquam</strong></span> <span class='ocrx_word' id='word_1_60' title='bbox 1417 1308 1560 1373; x_wconf 87' lang='lat' dir='ltr'><strong>fieri</strong></span> <span class='ocrx_word' id='word_1_61' title='bbox 1597 1327 1730 1373; x_wconf 88' lang='grc'>11011</span> <span class='ocrx_word' id='word_1_62' title='bbox 1769 1304 1965 1389; x_wconf 89' lang='lat' dir='ltr'><strong>posse</strong></span> <span class='ocrx_word' id='word_1_63' title='bbox 2003 1308 2187 1389; x_wconf 85' lang='lat' dir='ltr'><strong>dixit,</strong></span> <span class='ocrx_word' id='word_1_64' title='bbox 2239 1313 2313 1373; x_wconf 94' lang='lat' dir='ltr'><strong>ut</strong></span> <span class='ocrx_word' id='word_1_65' title='bbox 2350 1308 2407 1374; x_wconf 91' lang='lat' dir='ltr'><strong>is</strong></span> <span class='ocrx_word' id='word_1_66' title='bbox 2446 1308 2557 1389; x_wconf 90' lang='lat' dir='ltr'><strong>qui</strong></span> <span class='ocrx_word' id='word_1_67' title='bbox 2595 1307 2879 1388; x_wconf 89' lang='lat' dir='ltr'><strong>pecunia</strong></span> 
     </span>
     <span class='ocr_line' id='line_1_10' title="bbox 525 1414 2879 1498; baseline -0.002 -15"><span class='ocrx_word' id='word_1_68' title='bbox 525 1422 876 1498; x_wconf 89' lang='lat' dir='ltr'><strong>corruptus</strong></span> <span class='ocrx_word' id='word_1_69' title='bbox 937 1421 1114 1482; x_wconf 90' lang='lat' dir='ltr'><strong>esset</strong></span> <span class='ocrx_word' id='word_1_70' title='bbox 1173 1415 1340 1480; x_wconf 90' lang='lat' dir='ltr'><strong>liber</strong></span> <span class='ocrx_word' id='word_1_71' title='bbox 1402 1414 1599 1480; x_wconf 90' lang='lat' dir='ltr'><strong>etiam</strong></span> <span class='ocrx_word' id='word_1_72' title='bbox 1663 1419 1731 1479; x_wconf 91' lang='lat' dir='ltr'><strong>et</strong></span> <span class='ocrx_word' id='word_1_73' title='bbox 1794 1414 2055 1498; x_wconf 85' lang='lat' dir='ltr'><strong>integer</strong></span> <span class='ocrx_word' id='word_1_74' title='bbox 2116 1414 2276 1481; x_wconf 92' lang='lat' dir='ltr'><strong>iusti</strong></span> <span class='ocrx_word' id='word_1_75' title='bbox 2335 1414 2629 1495; x_wconf 91' lang='lat' dir='ltr'><strong>rectique</strong></span> <span class='ocrx_word' id='word_1_76' title='bbox 2676 1414 2879 1480; x_wconf 89' lang='lat' dir='ltr'><strong>iudex</strong></span> 
     </span>
     <span class='ocr_line' id='line_1_11' title="bbox 525 1521 2879 1606; baseline -0.002 -17"><span class='ocrx_word' id='word_1_77' title='bbox 525 1529 720 1606; x_wconf 88' lang='lat' dir='ltr'><strong>esset,</strong></span> <span class='ocrx_word' id='word_1_78' title='bbox 781 1528 848 1589; x_wconf 93' lang='lat' dir='ltr'><strong>et</strong></span> <span class='ocrx_word' id='word_1_79' title='bbox 905 1542 1065 1589; x_wconf 89' lang='lat' dir='ltr'><strong>suae</strong></span> <span class='ocrx_word' id='word_1_80' title='bbox 1113 1522 1323 1603; x_wconf 92' lang='lat' dir='ltr'><strong>ipsius</strong></span> <span class='ocrx_word' id='word_1_81' title='bbox 1370 1522 1614 1587; x_wconf 89' lang='lat' dir='ltr'><strong>aetatis</strong></span> <span class='ocrx_word' id='word_1_82' title='bbox 1664 1521 1873 1588; x_wconf 89' lang='lat' dir='ltr'><strong>vitam</strong></span> <span class='ocrx_word' id='word_1_83' title='bbox 1920 1527 2299 1603; x_wconf 83' lang='lat' dir='ltr'><strong>corruptam</strong></span> <span class='ocrx_word' id='word_1_84' title='bbox 2346 1522 2879 1588; x_wconf 84' lang='lat' dir='ltr'><strong>commemoravit</strong></span> 
     </span>
     <span class='ocr_line' id='line_1_12' title="bbox 522 1631 2880 1717; baseline -0 -22"><span class='ocrx_word' id='word_1_85' title='bbox 522 1631 621 1697; x_wconf 76' lang='lat' dir='ltr'><strong>ita</strong></span> <span class='ocrx_word' id='word_1_86' title='bbox 678 1631 1078 1713; x_wconf 84' lang='lat' dir='ltr'><strong>interrogat:</strong></span> <span class='ocrx_word' id='word_1_87' title='bbox 1143 1631 1266 1716; x_wconf 85' lang='grc' dir='ltr'><strong>ἆρα</strong></span> <span class='ocrx_word' id='word_1_88' title='bbox 1325 1633 1400 1716; x_wconf 86' lang='grc' dir='ltr'><strong>δὴ</strong></span> <span class='ocrx_word' id='word_1_89' title='bbox 1463 1632 1527 1697; x_wconf 87' lang='grc' dir='ltr'><strong>ἐν</strong></span> <span class='ocrx_word' id='word_1_90' title='bbox 1583 1632 1853 1716; x_wconf 80' lang='grc' dir='ltr'>τοσαύτῃ</span> <span class='ocrx_word' id='word_1_91' title='bbox 1913 1633 2161 1716; x_wconf 77' lang='grc' dir='ltr'>λοιμικῇ</span> <span class='ocrx_word' id='word_1_92' title='bbox 2208 1642 2316 1696; x_wconf 78' lang='grc' dir='ltr'><strong>τοῦ</strong></span> <span class='ocrx_word' id='word_1_93' title='bbox 2379 1632 2509 1717; x_wconf 83' lang='grc' dir='ltr'>βίου</span> <span class='ocrx_word' id='word_1_94' title='bbox 2558 1633 2880 1716; x_wconf 74' lang='grc' dir='ltr'>διαφθορᾷ</span> 
     </span>
     <span class='ocr_line' id='line_1_13' title="bbox 524 1738 2876 1825; baseline -0.001 -22"><span class='ocrx_word' id='word_1_95' title='bbox 524 1742 826 1825; x_wconf 80' lang='grc' dir='ltr'>δοκοῦμεν</span> <span class='ocrx_word' id='word_1_96' title='bbox 865 1742 951 1803; x_wconf 82' lang='grc' dir='ltr'>ἔτι</span> <span class='ocrx_word' id='word_1_97' title='bbox 991 1738 1328 1824; x_wconf 78' lang='grc' dir='ltr'>ἐλεύθερόν</span> <span class='ocrx_word' id='word_1_98' title='bbox 1367 1761 1501 1804; x_wconf 89' lang='grc' dir='ltr'>τινα</span> <span class='ocrx_word' id='word_1_99' title='bbox 1540 1743 1755 1823; x_wconf 80' lang='grc' dir='ltr'>κριτὴν</span> <span class='ocrx_word' id='word_1_100' title='bbox 1792 1748 1915 1803; x_wconf 91' lang='grc' dir='ltr'><strong>τῶν</strong></span> <span class='ocrx_word' id='word_1_101' title='bbox 1956 1740 2243 1824; x_wconf 82' lang='grc' dir='ltr'>μεγάλων</span> <span class='ocrx_word' id='word_1_102' title='bbox 2282 1740 2323 1823; x_wconf 88' lang='grc' dir='ltr'>ἢ</span> <span class='ocrx_word' id='word_1_103' title='bbox 2357 1739 2693 1823; x_wconf 78' lang='grc' dir='ltr'>διηκόντων</span> <span class='ocrx_word' id='word_1_104' title='bbox 2724 1742 2876 1822; x_wconf 77' lang='grc' dir='ltr'>πρὸς</span> 
     </span>
     <span class='ocr_line' id='line_1_14' title="bbox 523 1846 2878 1931; baseline -0.001 -20"><span class='ocrx_word' id='word_1_105' title='bbox 523 1850 626 1912; x_wconf 78' lang='grc' dir='ltr'><strong>τον</strong></span> <span class='ocrx_word' id='word_1_106' title='bbox 673 1848 868 1911; x_wconf 79' lang='grc' dir='ltr'>αἰῶνα</span> <span class='ocrx_word' id='word_1_107' title='bbox 914 1846 1302 1911; x_wconf 81' lang='grc' dir='ltr'>κάδὲκαστον</span> <span class='ocrx_word' id='word_1_108' title='bbox 1358 1847 1815 1929; x_wconf 71' lang='grc' dir='ltr'>ἀπολελεῖφθαι</span> <span class='ocrx_word' id='word_1_109' title='bbox 1870 1848 1977 1909; x_wconf 74' lang='grc' dir='ltr'><strong>καὶ</strong></span> <span class='ocrx_word' id='word_1_110' title='bbox 2032 1850 2113 1931; x_wconf 85' lang='grc' dir='ltr'><strong>μὴ</strong></span> <span class='ocrx_word' id='word_1_111' title='bbox 2161 1846 2878 1930; x_wconf 79' lang='grc' dir='ltr'>καταρχαιρεσιοὶζεσθαι</span> 
     </span>
     <span class='ocr_line' id='line_1_15' title="bbox 523 1949 2877 2038; baseline -0.002 -21"><span class='ocrx_word' id='word_1_112' title='bbox 523 1958 672 2038; x_wconf 83' lang='grc' dir='ltr'>πρὸς</span> <span class='ocrx_word' id='word_1_113' title='bbox 719 1963 826 2038; x_wconf 84' lang='grc' dir='ltr'><strong>τῆς</strong></span> <span class='ocrx_word' id='word_1_114' title='bbox 879 1963 988 2017; x_wconf 80' lang='grc' dir='ltr'><strong>τοῦ</strong></span> <span class='ocrx_word' id='word_1_115' title='bbox 1043 1954 1434 2018; x_wconf 82' lang='grc' dir='ltr'>πλεονεκτεῖν</span> <span class='ocrx_word' id='word_1_116' title='bbox 1482 1953 1847 2037; x_wconf 83' lang='grc' dir='ltr'>ἐπιθυμίας;</span> <span class='ocrx_word' id='word_1_117' title='bbox 1908 1951 2007 2038; x_wconf 85' lang='lat' dir='ltr'><strong>Ne</strong></span> <span class='ocrx_word' id='word_1_118' title='bbox 2052 1952 2177 2015; x_wconf 86' lang='lat' dir='ltr'><strong>hoc</strong></span> <span class='ocrx_word' id='word_1_119' title='bbox 2224 1949 2479 2031; x_wconf 87' lang='lat' dir='ltr'><strong>quidem</strong></span> <span class='ocrx_word' id='word_1_120' title='bbox 2527 1949 2669 2014; x_wconf 88' lang='lat' dir='ltr'><strong>loco</strong></span> <span class='ocrx_word' id='word_1_121' title='bbox 2718 1949 2877 2029; x_wconf 86' lang='lat' dir='ltr'><strong>quid</strong></span> 
     </span>
     <span class='ocr_line' id='line_1_16' title="bbox 522 2055 2873 2139; baseline -0.001 -17"><span class='ocrx_word' id='word_1_122' title='bbox 522 2059 1048 2139; x_wconf 88' lang='lat' dir='ltr'><strong>respondendum</strong></span> <span class='ocrx_word' id='word_1_123' title='bbox 1106 2056 1194 2122; x_wconf 91' lang='lat' dir='ltr'><strong>sit</strong></span> <span class='ocrx_word' id='word_1_124' title='bbox 1247 2056 1570 2122; x_wconf 91' lang='lat' dir='ltr'><strong>incertum</strong></span> <span class='ocrx_word' id='word_1_125' title='bbox 1627 2062 1763 2134; x_wconf 25' lang='lat' dir='ltr'><strong>est..</strong></span> <span class='ocrx_word' id='word_1_126' title='bbox 1844 2056 1984 2122; x_wconf 93' lang='lat' dir='ltr'><strong>Illis</strong></span> <span class='ocrx_word' id='word_1_127' title='bbox 2039 2055 2675 2139; x_wconf 81' lang='lat' dir='ltr'><strong>interrogationibus</strong></span> <span class='ocrx_word' id='word_1_128' title='bbox 2730 2075 2873 2121; x_wconf 88' lang='lat' dir='ltr'><strong>eam</strong></span> 
     </span>
     <span class='ocr_line' id='line_1_17' title="bbox 529 2164 2880 2249; baseline -0 -20"><span class='ocrx_word' id='word_1_129' title='bbox 529 2165 878 2229; x_wconf 83' lang='lat' dir='ltr'><strong>adnectam</strong></span> <span class='ocrx_word' id='word_1_130' title='bbox 909 2183 1078 2246; x_wconf 87' lang='lat' dir='ltr'><strong>quae</strong></span> <span class='ocrx_word' id='word_1_131' title='bbox 1117 2164 1222 2244; x_wconf 85' lang='lat'><strong>38,</strong></span> <span class='ocrx_word' id='word_1_132' title='bbox 1259 2164 1343 2228; x_wconf 81' lang='lat'><strong>28</strong></span> <span class='ocrx_word' id='word_1_133' title='bbox 1383 2182 1519 2244; x_wconf 84' lang='lat' dir='ltr'><strong>sqq.</strong></span> <span class='ocrx_word' id='word_1_134' title='bbox 1563 2167 1817 2228; x_wconf 86' lang='lat' dir='ltr'><strong>exstat:</strong></span> <span class='ocrx_word' id='word_1_135' title='bbox 1868 2166 1925 2229; x_wconf 82' lang='grc' dir='ltr'><strong>τί</strong></span> <span class='ocrx_word' id='word_1_136' title='bbox 1962 2167 2030 2229; x_wconf 83' lang='grc' dir='ltr'><strong>δὲ</strong></span> <span class='ocrx_word' id='word_1_137' title='bbox 2062 2166 2123 2229; x_wconf 83' lang='grc' dir='ltr'><strong>αἱ</strong></span> <span class='ocrx_word' id='word_1_138' title='bbox 2153 2176 2275 2231; x_wconf 90' lang='grc' dir='ltr'><strong>τῶν</strong></span> <span class='ocrx_word' id='word_1_139' title='bbox 2307 2165 2604 2231; x_wconf 83' lang='grc' dir='ltr'>πτώσεων</span> <span class='ocrx_word' id='word_1_140' title='bbox 2635 2166 2880 2249; x_wconf 80' lang='grc' dir='ltr'>χρόνων</span> 
     </span>
     <span class='ocr_line' id='line_1_18' title="bbox 523 2272 2877 2359; baseline -0.001 -22"><span class='ocrx_word' id='word_1_141' title='bbox 523 2272 873 2357; x_wconf 80' lang='grc' dir='ltr'>προσώπων</span> <span class='ocrx_word' id='word_1_142' title='bbox 924 2275 1212 2359; x_wconf 83' lang='grc' dir='ltr'>ἀριθμῶν</span> <span class='ocrx_word' id='word_1_143' title='bbox 1267 2282 1465 2357; x_wconf 82' lang='grc' dir='ltr'>γενῶν</span> <span class='ocrx_word' id='word_1_144' title='bbox 1512 2273 1885 2353; x_wconf 81' lang='grc' dir='ltr'>ἐναλλάξεις,</span> <span class='ocrx_word' id='word_1_145' title='bbox 1948 2282 2079 2349; x_wconf 85' lang='grc' dir='ltr'><strong>πῶς</strong></span> <span class='ocrx_word' id='word_1_146' title='bbox 2126 2295 2275 2337; x_wconf 88' lang='grc' dir='ltr'>ποτε</span> <span class='ocrx_word' id='word_1_147' title='bbox 2322 2272 2877 2336; x_wconf 80' lang='grc' dir='ltr'>καταποικὶλλουσι</span> 
     </span>
     <span class='ocr_line' id='line_1_19' title="bbox 524 2375 2874 2465; baseline -0.002 -22"><span class='ocrx_word' id='word_1_148' title='bbox 524 2380 630 2443; x_wconf 76' lang='grc' dir='ltr'><strong>καὶ</strong></span> <span class='ocrx_word' id='word_1_149' title='bbox 669 2378 1050 2465; x_wconf 86' lang='grc' dir='ltr'>ἐπεγείρουσι</span> <span class='ocrx_word' id='word_1_150' title='bbox 1087 2383 1165 2444; x_wconf 81' lang='grc' dir='ltr'><strong>τὰ</strong></span> <span class='ocrx_word' id='word_1_151' title='bbox 1203 2380 1639 2464; x_wconf 80' lang='grc' dir='ltr'>ἑρμηνευτικά;</span> <span class='ocrx_word' id='word_1_152' title='bbox 1689 2376 1792 2441; x_wconf 84' lang='lat' dir='ltr'><strong>Ibi</strong></span> <span class='ocrx_word' id='word_1_153' title='bbox 1831 2376 1897 2440; x_wconf 88' lang='lat' dir='ltr'><strong>in</strong></span> <span class='ocrx_word' id='word_1_154' title='bbox 1937 2378 2392 2457; x_wconf 85' lang='lat' dir='ltr'><strong>respondendo</strong></span> <span class='ocrx_word' id='word_1_155' title='bbox 2432 2396 2565 2441; x_wconf 88' lang='lat' dir='ltr'><strong>non</strong></span> <span class='ocrx_word' id='word_1_156' title='bbox 2598 2375 2874 2457; x_wconf 84' lang='lat' dir='ltr'><strong>simplici</strong></span> 
     </span>
     <span class='ocr_line' id='line_1_20' title="bbox 521 2482 2873 2565; baseline -0 -18"><span class='ocrx_word' id='word_1_157' title='bbox 521 2482 903 2549; x_wconf 83' lang='lat' dir='ltr'><strong>affirmandi</strong></span> <span class='ocrx_word' id='word_1_158' title='bbox 948 2485 1053 2550; x_wconf 88' lang='lat' dir='ltr'><strong>vel</strong></span> <span class='ocrx_word' id='word_1_159' title='bbox 1101 2483 1516 2549; x_wconf 90' lang='lat' dir='ltr'><strong>adsentiendi</strong></span> <span class='ocrx_word' id='word_1_160' title='bbox 1564 2488 1682 2548; x_wconf 92' lang='lat' dir='ltr'><strong>aut</strong></span> <span class='ocrx_word' id='word_1_161' title='bbox 1728 2483 2017 2565; x_wconf 90' lang='lat' dir='ltr'><strong>negandi</strong></span> <span class='ocrx_word' id='word_1_162' title='bbox 2062 2483 2168 2549; x_wconf 90' lang='lat' dir='ltr'><strong>vel</strong></span> <span class='ocrx_word' id='word_1_163' title='bbox 2206 2482 2635 2548; x_wconf 87' lang='lat' dir='ltr'><strong>dissentiendi</strong></span> <span class='ocrx_word' id='word_1_164' title='bbox 2673 2502 2873 2550; x_wconf 90' lang='lat' dir='ltr'><strong>voca—</strong></span> 
     </span>
     <span class='ocr_line' id='line_1_21' title="bbox 523 2589 2873 2673; baseline -0.001 -18"><span class='ocrx_word' id='word_1_165' title='bbox 523 2590 674 2655; x_wconf 91' lang='lat' dir='ltr'><strong>bulo</strong></span> <span class='ocrx_word' id='word_1_166' title='bbox 710 2590 807 2655; x_wconf 91' lang='lat' dir='ltr'><strong>uti</strong></span> <span class='ocrx_word' id='word_1_167' title='bbox 839 2609 1205 2671; x_wconf 77' lang='lat' dir='ltr'><strong>possumUS,</strong></span> <span class='ocrx_word' id='word_1_168' title='bbox 1248 2608 1392 2655; x_wconf 90' lang='lat' dir='ltr'><strong>cum</strong></span> <span class='ocrx_word' id='word_1_169' title='bbox 1421 2589 1932 2673; x_wconf 82' lang='lat' dir='ltr'><strong>interrogationi</strong></span> <span class='ocrx_word' id='word_1_170' title='bbox 1964 2602 2095 2668; x_wconf 83' lang='grc' dir='ltr'><strong>πῶς</strong></span> <span class='ocrx_word' id='word_1_171' title='bbox 2127 2590 2454 2670; x_wconf 92' lang='lat' dir='ltr'><strong>particula</strong></span> <span class='ocrx_word' id='word_1_172' title='bbox 2485 2608 2873 2672; x_wconf 88' lang='lat' dir='ltr'><strong>responsum</strong></span> 
     </span>
     <span class='ocr_line' id='line_1_22' title="bbox 521 2695 2872 2777; baseline 0 -16"><span class='ocrx_word' id='word_1_173' title='bbox 521 2697 724 2761; x_wconf 87' lang='lat' dir='ltr'><strong>multo</strong></span> <span class='ocrx_word' id='word_1_174' title='bbox 773 2696 1150 2762; x_wconf 90' lang='lat' dir='ltr'><strong>accuratius</strong></span> <span class='ocrx_word' id='word_1_175' title='bbox 1198 2696 1582 2761; x_wconf 88' lang='lat' dir='ltr'><strong>desiderans</strong></span> <span class='ocrx_word' id='word_1_176' title='bbox 1629 2695 1995 2777; x_wconf 88' lang='lat' dir='ltr'><strong>praemissa</strong></span> <span class='ocrx_word' id='word_1_177' title='bbox 2044 2696 2149 2762; x_wconf 89' lang='lat' dir='ltr'><strong>sit.</strong></span> <span class='ocrx_word' id='word_1_178' title='bbox 2243 2697 2489 2762; x_wconf 82' lang='lat' dir='ltr'><strong>Tamen</strong></span> <span class='ocrx_word' id='word_1_179' title='bbox 2539 2716 2618 2761; x_wconf 90' lang='lat' dir='ltr'><strong>ea</strong></span> <span class='ocrx_word' id='word_1_180' title='bbox 2664 2697 2872 2763; x_wconf 86' lang='lat' dir='ltr'><strong>inter-</strong></span> 
     </span>
     <span class='ocr_line' id='line_1_23' title="bbox 521 2802 2872 2886; baseline 0 -19"><span class='ocrx_word' id='word_1_181' title='bbox 521 2802 780 2886; x_wconf 86' lang='lat' dir='ltr'><strong>rogatio</strong></span> <span class='ocrx_word' id='word_1_182' title='bbox 829 2804 897 2867; x_wconf 91' lang='lat' dir='ltr'><strong>in</strong></span> <span class='ocrx_word' id='word_1_183' title='bbox 941 2802 1288 2868; x_wconf 90' lang='lat' dir='ltr'><strong>rhetoricis</strong></span> <span class='ocrx_word' id='word_1_184' title='bbox 1338 2804 1746 2868; x_wconf 89' lang='lat' dir='ltr'><strong>numeranda</strong></span> <span class='ocrx_word' id='word_1_185' title='bbox 1794 2811 1914 2883; x_wconf 89' lang='lat' dir='ltr'><strong>est,</strong></span> <span class='ocrx_word' id='word_1_186' title='bbox 1978 2802 2132 2884; x_wconf 92' lang='lat' dir='ltr'><strong>quia</strong></span> <span class='ocrx_word' id='word_1_187' title='bbox 2180 2803 2436 2867; x_wconf 88' lang='lat' dir='ltr'><strong>omnino</strong></span> <span class='ocrx_word' id='word_1_188' title='bbox 2486 2822 2872 2885; x_wconf 87' lang='lat' dir='ltr'><strong>responsum</strong></span> 
     </span>
     <span class='ocr_line' id='line_1_24' title="bbox 521 2908 2871 2990; baseline 0.001 -17"><span class='ocrx_word' id='word_1_189' title='bbox 521 2928 652 2973; x_wconf 91' lang='lat' dir='ltr'><strong>non</strong></span> <span class='ocrx_word' id='word_1_190' title='bbox 688 2914 1131 2990; x_wconf 82' lang='lat' dir='ltr'><strong>exspectatur.</strong></span> <span class='ocrx_word' id='word_1_191' title='bbox 1206 2908 1616 2975; x_wconf 86' lang='lat' dir='ltr'><strong>Admirantis</strong></span> <span class='ocrx_word' id='word_1_192' title='bbox 1650 2908 1821 2974; x_wconf 92' lang='lat' dir='ltr'><strong>enim</strong></span> <span class='ocrx_word' id='word_1_193' title='bbox 1852 2914 1928 2973; x_wconf 89' lang='lat' dir='ltr'><strong>ut</strong></span> <span class='ocrx_word' id='word_1_194' title='bbox 1957 2909 2055 2973; x_wconf 91' lang='lat' dir='ltr'><strong>ita</strong></span> <span class='ocrx_word' id='word_1_195' title='bbox 2088 2908 2298 2974; x_wconf 87' lang='lat' dir='ltr'><strong>dicam</strong></span> <span class='ocrx_word' id='word_1_196' title='bbox 2330 2910 2871 2975; x_wconf 82' lang='lat' dir='ltr'><strong>exclamationem</strong></span> 
     </span>
     <span class='ocr_line' id='line_1_25' title="bbox 521 3015 1618 3097; baseline 0.001 -16"><span class='ocrx_word' id='word_1_197' title='bbox 521 3016 808 3097; x_wconf 90' lang='lat' dir='ltr'><strong>scriptor</strong></span> <span class='ocrx_word' id='word_1_198' title='bbox 853 3034 934 3081; x_wconf 91' lang='lat' dir='ltr'><strong>ea</strong></span> <span class='ocrx_word' id='word_1_199' title='bbox 981 3015 1345 3096; x_wconf 91' lang='lat' dir='ltr'><strong>exprimere</strong></span> <span class='ocrx_word' id='word_1_200' title='bbox 1391 3015 1618 3082; x_wconf 88' lang='lat' dir='ltr'><strong>voluit.</strong></span> 
     </span>
    </p>

    <p class='ocr_par' dir='ltr' id='par_1_3' title="bbox 517 3122 2877 4481">
     <span class='ocr_line' id='line_1_26' title="bbox 699 3122 2877 3206; baseline 0 -19"><span class='ocrx_word' id='word_1_201' title='bbox 699 3124 942 3188; x_wconf 88' lang='lat' dir='ltr'><strong>Verum</strong></span> <span class='ocrx_word' id='word_1_202' title='bbox 1006 3140 1278 3187; x_wconf 91' lang='lat' dir='ltr'><strong>necesse</strong></span> <span class='ocrx_word' id='word_1_203' title='bbox 1339 3127 1442 3187; x_wconf 91' lang='lat' dir='ltr'><strong>est</strong></span> <span class='ocrx_word' id='word_1_204' title='bbox 1503 3142 1623 3187; x_wconf 91' lang='grc'>1103</span> <span class='ocrx_word' id='word_1_205' title='bbox 1682 3122 1753 3190; x_wconf 87' lang='grc'><strong>111</strong></span> <span class='ocrx_word' id='word_1_206' title='bbox 1813 3141 1892 3187; x_wconf 91' lang='lat' dir='ltr'><strong>ea</strong></span> <span class='ocrx_word' id='word_1_207' title='bbox 1952 3122 2475 3206; x_wconf 85' lang='lat' dir='ltr'><strong>interrogatione</strong></span> <span class='ocrx_word' id='word_1_208' title='bbox 2535 3123 2877 3204; x_wconf 88' lang='lat' dir='ltr'><strong>paulisper</strong></span> 
     </span>
     <span class='ocr_line' id='line_1_27' title="bbox 521 3229 2873 3310; baseline 0 -17"><span class='ocrx_word' id='word_1_209' title='bbox 521 3229 764 3294; x_wconf 86' lang='lat' dir='ltr'><strong>morari</strong></span> <span class='ocrx_word' id='word_1_210' title='bbox 812 3230 896 3293; x_wconf 88' lang='lat' dir='ltr'><strong>ab</strong></span> <span class='ocrx_word' id='word_1_211' title='bbox 945 3247 1153 3309; x_wconf 90' lang='lat' dir='ltr'><strong>eaque</strong></span> <span class='ocrx_word' id='word_1_212' title='bbox 1199 3229 1286 3295; x_wconf 90' lang='lat' dir='ltr'><strong>ad</strong></span> <span class='ocrx_word' id='word_1_213' title='bbox 1331 3229 1683 3294; x_wconf 89' lang='lat' dir='ltr'><strong>nonnullas</strong></span> <span class='ocrx_word' id='word_1_214' title='bbox 1740 3248 1963 3295; x_wconf 88' lang='lat' dir='ltr'><strong>earum</strong></span> <span class='ocrx_word' id='word_1_215' title='bbox 2008 3230 2253 3295; x_wconf 88' lang='lat' dir='ltr'><strong>reverti</strong></span> <span class='ocrx_word' id='word_1_216' title='bbox 2302 3249 2468 3310; x_wconf 89' lang='lat' dir='ltr'><strong>quas</strong></span> <span class='ocrx_word' id='word_1_217' title='bbox 2513 3229 2644 3294; x_wconf 91' lang='lat' dir='ltr'><strong>iam</strong></span> <span class='ocrx_word' id='word_1_218' title='bbox 2692 3236 2873 3294; x_wconf 86' lang='lat' dir='ltr'><strong>trac-</strong></span> 
     </span>
     <span class='ocr_line' id='line_1_28' title="bbox 522 3334 2875 3425; baseline 0.001 -26"><span class='ocrx_word' id='word_1_219' title='bbox 522 3334 827 3401; x_wconf 74' lang='lat' dir='ltr'><strong>tavimus</strong></span> <span class='ocrx_word' id='word_1_220' title='bbox 927 3336 1156 3417; x_wconf 91' lang='lat' dir='ltr'><strong>Neque</strong></span> <span class='ocrx_word' id='word_1_221' title='bbox 1193 3335 1360 3401; x_wconf 89' lang='lat' dir='ltr'><strong>enim</strong></span> <span class='ocrx_word' id='word_1_222' title='bbox 1403 3336 1582 3400; x_wconf 90' lang='lat' dir='ltr'><strong>solae</strong></span> <span class='ocrx_word' id='word_1_223' title='bbox 1620 3347 1752 3425; x_wconf 79' lang='grc' dir='ltr'><strong>πῶς</strong></span> <span class='ocrx_word' id='word_1_224' title='bbox 1790 3360 1940 3403; x_wconf 83' lang='grc' dir='ltr'>ποτε</span> <span class='ocrx_word' id='word_1_225' title='bbox 1977 3336 2346 3416; x_wconf 85' lang='lat' dir='ltr'><strong>particulae</strong></span> <span class='ocrx_word' id='word_1_226' title='bbox 2382 3335 2430 3399; x_wconf 94' lang='lat' dir='ltr'><strong>ii</strong></span> <span class='ocrx_word' id='word_1_227' title='bbox 2468 3336 2875 3416; x_wconf 87' lang='lat' dir='ltr'><strong>praemissae</strong></span> 
     </span>
     <span class='ocr_line' id='line_1_29' title="bbox 520 3441 2867 3524; baseline 0.001 -18"><span class='ocrx_word' id='word_1_228' title='bbox 520 3447 695 3523; x_wconf 92' lang='lat' dir='ltr'><strong>sunt,</strong></span> <span class='ocrx_word' id='word_1_229' title='bbox 757 3444 872 3507; x_wconf 91' lang='lat' dir='ltr'><strong>sed</strong></span> <span class='ocrx_word' id='word_1_230' title='bbox 919 3442 1111 3508; x_wconf 89' lang='lat' dir='ltr'><strong>varia</strong></span> <span class='ocrx_word' id='word_1_231' title='bbox 1159 3441 1458 3507; x_wconf 87' lang='lat' dir='ltr'><strong>subiecta</strong></span> <span class='ocrx_word' id='word_1_232' title='bbox 1503 3443 1925 3522; x_wconf 87' lang='lat' dir='ltr'><strong>antecedunt,</strong></span> <span class='ocrx_word' id='word_1_233' title='bbox 1977 3448 2041 3506; x_wconf 88' lang='lat' dir='ltr'><strong>et</strong></span> <span class='ocrx_word' id='word_1_234' title='bbox 2092 3447 2249 3507; x_wconf 91' lang='lat' dir='ltr'><strong>ante</strong></span> <span class='ocrx_word' id='word_1_235' title='bbox 2298 3461 2377 3507; x_wconf 88' lang='lat' dir='ltr'><strong>ea</strong></span> <span class='ocrx_word' id='word_1_236' title='bbox 2424 3441 2620 3506; x_wconf 90' lang='lat' dir='ltr'><strong>etiam</strong></span> <span class='ocrx_word' id='word_1_237' title='bbox 2668 3446 2725 3509; x_wconf 84' lang='grc' dir='ltr'><strong>τί</strong></span> <span class='ocrx_word' id='word_1_238' title='bbox 2770 3447 2867 3524; x_wconf 85' lang='grc' dir='ltr'><strong>δὲ;</strong></span> 
     </span>
     <span class='ocr_line' id='line_1_30' title="bbox 521 3546 2875 3631; baseline 0.001 -18"><span class='ocrx_word' id='word_1_239' title='bbox 521 3546 805 3613; x_wconf 85' lang='lat' dir='ltr'><strong>formula</strong></span> <span class='ocrx_word' id='word_1_240' title='bbox 861 3547 1016 3629; x_wconf 89' lang='lat' dir='ltr'><strong>quid</strong></span> <span class='ocrx_word' id='word_1_241' title='bbox 1054 3550 1260 3615; x_wconf 88' lang='lat' dir='ltr'><strong>vero‘?</strong></span> <span class='ocrx_word' id='word_1_242' title='bbox 1318 3548 1425 3615; x_wconf 91' lang='lat' dir='ltr'><strong>vel</strong></span> <span class='ocrx_word' id='word_1_243' title='bbox 1471 3547 1628 3629; x_wconf 90' lang='lat' dir='ltr'><strong>quid</strong></span> <span class='ocrx_word' id='word_1_244' title='bbox 1668 3550 1918 3629; x_wconf 79' lang='lat' dir='ltr'><strong>porro?</strong></span> <span class='ocrx_word' id='word_1_245' title='bbox 1978 3547 2359 3631; x_wconf 88' lang='lat' dir='ltr'><strong>significans</strong></span> <span class='ocrx_word' id='word_1_246' title='bbox 2410 3548 2669 3631; x_wconf 84' lang='lat' dir='ltr'><strong>legitur.</strong></span> <span class='ocrx_word' id='word_1_247' title='bbox 2764 3552 2875 3615; x_wconf 88' lang='lat' dir='ltr'><strong>Ad</strong></span> 
     </span>
     <span class='ocr_line' id='line_1_31' title="bbox 519 3653 2875 3737; baseline 0.001 -18"><span class='ocrx_word' id='word_1_248' title='bbox 519 3655 1139 3737; x_wconf 88' lang='lat' dir='ltr'><strong>contemplationem</strong></span> <span class='ocrx_word' id='word_1_249' title='bbox 1215 3655 1445 3720; x_wconf 89' lang='lat' dir='ltr'><strong>talium</strong></span> <span class='ocrx_word' id='word_1_250' title='bbox 1519 3653 1855 3720; x_wconf 88' lang='lat' dir='ltr'><strong>initiorum</strong></span> <span class='ocrx_word' id='word_1_251' title='bbox 1924 3654 2398 3720; x_wconf 85' lang='lat' dir='ltr'><strong>instituendam</strong></span> <span class='ocrx_word' id='word_1_252' title='bbox 2474 3656 2713 3736; x_wconf 91' lang='lat' dir='ltr'><strong>optime</strong></span> <span class='ocrx_word' id='word_1_253' title='bbox 2784 3658 2875 3721; x_wconf 86' lang='lat' dir='ltr'><strong>ab</strong></span> 
     </span>
     <span class='ocr_line' id='line_1_32' title="bbox 517 3760 2866 3845; baseline 0.002 -20"><span class='ocrx_word' id='word_1_254' title='bbox 517 3760 1042 3845; x_wconf 88' lang='lat' dir='ltr'><strong>interrogatione</strong></span> <span class='ocrx_word' id='word_1_255' title='bbox 1101 3781 1295 3843; x_wconf 89' lang='lat' dir='ltr'><strong>quam</strong></span> <span class='ocrx_word' id='word_1_256' title='bbox 1353 3762 1457 3844; x_wconf 83' lang='lat'><strong>34,</strong></span> <span class='ocrx_word' id='word_1_257' title='bbox 1517 3763 1603 3835; x_wconf 78' lang='grc'><strong>24</strong></span> <span class='ocrx_word' id='word_1_258' title='bbox 1658 3761 2025 3828; x_wconf 89' lang='lat' dir='ltr'><strong>invenimus</strong></span> <span class='ocrx_word' id='word_1_259' title='bbox 2076 3762 2421 3828; x_wconf 88' lang='lat' dir='ltr'><strong>ordiamur.</strong></span> <span class='ocrx_word' id='word_1_260' title='bbox 2512 3762 2616 3827; x_wconf 91' lang='lat' dir='ltr'><strong>Ibi</strong></span> <span class='ocrx_word' id='word_1_261' title='bbox 2660 3762 2866 3829; x_wconf 87' lang='lat' dir='ltr'><strong>inter—</strong></span> 
     </span>
     <span class='ocr_line' id='line_1_33' title="bbox 519 3867 2872 3951; baseline 0.001 -18"><span class='ocrx_word' id='word_1_262' title='bbox 519 3867 854 3951; x_wconf 87' lang='lat' dir='ltr'><strong>rogationi</strong></span> <span class='ocrx_word' id='word_1_263' title='bbox 911 3886 1105 3949; x_wconf 85' lang='lat' dir='ltr'><strong>quam</strong></span> <span class='ocrx_word' id='word_1_264' title='bbox 1165 3888 1368 3949; x_wconf 89' lang='lat' dir='ltr'><strong>supra</strong></span> <span class='ocrx_word' id='word_1_265' title='bbox 1422 3868 1858 3943; x_wconf 84' lang='lat' dir='ltr'><strong>tractavimus</strong></span> <span class='ocrx_word' id='word_1_266' title='bbox 1918 3869 2132 3934; x_wconf 88' lang='lat' dir='ltr'><strong>altera</strong></span> <span class='ocrx_word' id='word_1_267' title='bbox 2191 3868 2555 3949; x_wconf 88' lang='lat' dir='ltr'><strong>praemissa</strong></span> <span class='ocrx_word' id='word_1_268' title='bbox 2612 3875 2744 3935; x_wconf 93' lang='lat' dir='ltr'><strong>est:</strong></span> <span class='ocrx_word' id='word_1_269' title='bbox 2812 3873 2872 3936; x_wconf 77' lang='grc' dir='ltr'><strong>τί</strong></span> 
     </span>
     <span class='ocr_line' id='line_1_34' title="bbox 517 3974 2866 4063; baseline -0.001 -20"><span class='ocrx_word' id='word_1_270' title='bbox 517 3974 572 4043; x_wconf 82' lang='grc' dir='ltr'><strong>δ’</strong></span> <span class='ocrx_word' id='word_1_271' title='bbox 619 3978 827 4043; x_wconf 80' lang='grc' dir='ltr'>ἐκεῖνα</span> <span class='ocrx_word' id='word_1_272' title='bbox 887 3987 1116 4063; x_wconf 82' lang='grc' dir='ltr'>φῶμεν,</span> <span class='ocrx_word' id='word_1_273' title='bbox 1179 3982 1287 4055; x_wconf 83' lang='grc' dir='ltr'><strong>τὰς</strong></span> <span class='ocrx_word' id='word_1_274' title='bbox 1333 3978 1578 4055; x_wconf 76' lang='grc' dir='ltr'>πεύσεις</span> <span class='ocrx_word' id='word_1_275' title='bbox 1637 4000 1704 4042; x_wconf 91' lang='grc' dir='ltr'><strong>τε</strong></span> <span class='ocrx_word' id='word_1_276' title='bbox 1764 3981 1870 4041; x_wconf 80' lang='grc' dir='ltr'><strong>καὶ</strong></span> <span class='ocrx_word' id='word_1_277' title='bbox 1918 3978 2303 4063; x_wconf 80' lang='grc' dir='ltr'>ἀποκρίσεις;</span> <span class='ocrx_word' id='word_1_278' title='bbox 2371 3977 2477 4043; x_wconf 86' lang='lat' dir='ltr'><strong>Ad</strong></span> <span class='ocrx_word' id='word_1_279' title='bbox 2536 3994 2679 4041; x_wconf 86' lang='lat' dir='ltr'><strong>eam</strong></span> <span class='ocrx_word' id='word_1_280' title='bbox 2736 3996 2866 4042; x_wconf 87' lang='lat' dir='ltr'><strong>non</strong></span> 
     </span>
     <span class='ocr_line' id='line_1_35' title="bbox 519 4082 2874 4164; baseline 0.001 -17"><span class='ocrx_word' id='word_1_281' title='bbox 519 4086 744 4164; x_wconf 89' lang='lat' dir='ltr'><strong>potest</strong></span> <span class='ocrx_word' id='word_1_282' title='bbox 788 4100 1176 4163; x_wconf 89' lang='lat' dir='ltr'><strong>responsum</strong></span> <span class='ocrx_word' id='word_1_283' title='bbox 1224 4082 1387 4164; x_wconf 86' lang='lat' dir='ltr'><strong>dari,</strong></span> <span class='ocrx_word' id='word_1_284' title='bbox 1438 4100 1664 4149; x_wconf 89' lang='lat' dir='ltr'><strong>verum</strong></span> <span class='ocrx_word' id='word_1_285' title='bbox 1710 4101 1893 4147; x_wconf 90' lang='lat' dir='ltr'><strong>mera</strong></span> <span class='ocrx_word' id='word_1_286' title='bbox 1940 4083 2027 4147; x_wconf 88' lang='lat' dir='ltr'><strong>ad</strong></span> <span class='ocrx_word' id='word_1_287' title='bbox 2072 4102 2310 4149; x_wconf 89' lang='lat' dir='ltr'><strong>novam</strong></span> <span class='ocrx_word' id='word_1_288' title='bbox 2358 4100 2494 4147; x_wconf 88' lang='lat' dir='ltr'><strong>rem</strong></span> <span class='ocrx_word' id='word_1_289' title='bbox 2541 4082 2874 4149; x_wconf 86' lang='lat' dir='ltr'><strong>transitus</strong></span> 
     </span>
     <span class='ocr_line' id='line_1_36' title="bbox 519 4186 2868 4272; baseline 0.001 -19"><span class='ocrx_word' id='word_1_290' title='bbox 519 4186 804 4253; x_wconf 88' lang='lat' dir='ltr'><strong>formula</strong></span> <span class='ocrx_word' id='word_1_291' title='bbox 861 4192 980 4254; x_wconf 88' lang='lat' dir='ltr'><strong>est.</strong></span> <span class='ocrx_word' id='word_1_292' title='bbox 1072 4188 1298 4269; x_wconf 90' lang='lat' dir='ltr'><strong>Neque</strong></span> <span class='ocrx_word' id='word_1_293' title='bbox 1359 4188 1529 4254; x_wconf 89' lang='lat' dir='ltr'><strong>enim</strong></span> <span class='ocrx_word' id='word_1_294' title='bbox 1589 4207 1708 4270; x_wconf 89' lang='lat' dir='ltr'><strong>per</strong></span> <span class='ocrx_word' id='word_1_295' title='bbox 1774 4208 1844 4253; x_wconf 91' lang='lat' dir='ltr'><strong>se</strong></span> <span class='ocrx_word' id='word_1_296' title='bbox 1906 4189 2302 4255; x_wconf 89' lang='lat' dir='ltr'><strong>sententiam</strong></span> <span class='ocrx_word' id='word_1_297' title='bbox 2362 4191 2662 4272; x_wconf 84' lang='lat' dir='ltr'><strong>praebet,</strong></span> <span class='ocrx_word' id='word_1_298' title='bbox 2722 4210 2868 4255; x_wconf 88' lang='lat' dir='ltr'><strong>cum</strong></span> 
     </span>
     <span class='ocr_line' id='line_1_37' title="bbox 517 4292 2865 4379; baseline 0.001 -20"><span class='ocrx_word' id='word_1_299' title='bbox 517 4292 678 4360; x_wconf 90' lang='lat' dir='ltr'><strong>nihil</strong></span> <span class='ocrx_word' id='word_1_300' title='bbox 710 4294 1050 4360; x_wconf 86' lang='lat' dir='ltr'><strong>contineat</strong></span> <span class='ocrx_word' id='word_1_301' title='bbox 1081 4294 1208 4360; x_wconf 90' lang='grc'>11131</span> <span class='ocrx_word' id='word_1_302' title='bbox 1236 4294 1646 4377; x_wconf 89' lang='lat' dir='ltr'><strong>insequentis</strong></span> <span class='ocrx_word' id='word_1_303' title='bbox 1676 4296 2221 4379; x_wconf 88' lang='lat' dir='ltr'><strong>interrogationis</strong></span> <span class='ocrx_word' id='word_1_304' title='bbox 2254 4296 2635 4363; x_wconf 88' lang='lat' dir='ltr'><strong>subiectum.</strong></span> <span class='ocrx_word' id='word_1_305' title='bbox 2700 4298 2865 4362; x_wconf 92' lang='lat' dir='ltr'><strong>Nam</strong></span> 
     </span>
     <span class='ocr_line' id='line_1_38' title="bbox 519 4402 2873 4481; baseline 0.001 -16"><span class='ocrx_word' id='word_1_306' title='bbox 519 4405 826 4481; x_wconf 88' lang='lat' dir='ltr'><strong>putamus</strong></span> <span class='ocrx_word' id='word_1_307' title='bbox 875 4404 1164 4469; x_wconf 84' lang='grc' dir='ltr'>συντείνει</span> <span class='ocrx_word' id='word_1_308' title='bbox 1212 4402 1398 4468; x_wconf 86' lang='lat' dir='ltr'><strong>verbi</strong></span> <span class='ocrx_word' id='word_1_309' title='bbox 1453 4403 1576 4467; x_wconf 91' lang='lat' dir='ltr'><strong>hoc</strong></span> <span class='ocrx_word' id='word_1_310' title='bbox 1631 4403 1775 4468; x_wconf 89' lang='lat' dir='ltr'><strong>loco</strong></span> <span class='ocrx_word' id='word_1_311' title='bbox 1823 4404 1953 4469; x_wconf 88' lang='lat' dir='ltr'><strong>vim</strong></span> <span class='ocrx_word' id='word_1_312' title='bbox 2000 4403 2425 4471; x_wconf 89' lang='lat' dir='ltr'><strong>transitivam</strong></span> <span class='ocrx_word' id='word_1_313' title='bbox 2472 4423 2616 4479; x_wconf 86' lang='lat' dir='ltr'><strong>esse</strong></span> <span class='ocrx_word' id='word_1_314' title='bbox 2666 4409 2733 4468; x_wconf 90' lang='lat' dir='ltr'><strong>et</strong></span> <span class='ocrx_word' id='word_1_315' title='bbox 2781 4406 2873 4468; x_wconf 87' lang='lat' dir='ltr'><strong>ab</strong></span> 
     </span>
    </p>
   </div>
   <div class='ocr_carea' id='block_1_3' title="bbox 3348 2374 3409 2497">
    <p class='ocr_par' dir='ltr' id='par_1_4' title="bbox 3348 2374 3409 2497">
     <span class='ocr_line' id='line_1_39' title="bbox 3348 2374 3409 2497; textangle 90"><span class='ocrx_word' id='word_1_316' title='bbox 3348 2374 3409 2497; x_wconf 61' lang='lat' dir='ltr'><strong>(l.</strong></span> 
     </span>
    </p>
   </div>
  </div>
 </body>
</html>
