3417 5059
1526 365 1969 426 -62,ψ

753 560 988 624 Restat
1035 564 1110 623 ut
1157 561 1512 639 complures
1557 561 1728 624 locos
1777 560 2145 626 adferamus
2192 559 2423 641 quibus
2470 565 2613 624 tota
2660 563 2915 627 senten-

577 666 671 730 tia
727 685 892 747 quae
949 668 1149 733 verbo
1215 666 1624 733 substantivo
1681 672 1865 731 caret
1917 667 1987 731 in
2041 687 2166 732 uno
2231 668 2543 734 vocabulo
2609 665 2918 748 consistit,

578 794 657 838 ex
705 793 827 855 quo
875 773 1044 837 aliae
1092 772 1457 837 sententiae
1504 777 1806 854 pendent.

755 872 893 963 Quo
939 898 1204 943 munere
1252 882 1494 967 ἀνάγκη
1543 882 1927 946 vocabulum
1984 882 2087 959 68,
2130 883 2208 944 17
2261 886 2328 946 et
2374 882 2477 962 69,
2517 883 2557 944 6
2604 880 2919 963 fungitur,

576 992 912 1074 ἀναγκαῖον
944 987 1045 1060 12,
1077 987 1178 1065 15,
1221 990 1410 1072 δῆλον
1446 988 1504 1068 6,
1529 989 1588 1051 6.
1641 989 1747 1066 49,
1778 989 1878 1053 13.
1922 989 2024 1070 63,
2060 989 2162 1065 15,
2204 988 2415 1053 οἷόντε
2458 989 2558 1068 12,
2588 990 2645 1055 9.
2689 989 2789 1070 12,
2819 988 2917 1051 18.

752 1093 1046 1174 Denique
1094 1097 1259 1175 quod
1308 1096 1530 1158 rhetor
1574 1094 1795 1159 multis
1825 1094 1997 1178 10018,
2045 1094 2157 1160 ubi
2189 1094 2530 1161 adiectivis
2568 1115 2734 1179 quae
2772 1114 2917 1161 ver-

577 1200 754 1265 balia
809 1200 1113 1265 dicuntur
1167 1199 1393 1283 utitur,
1460 1202 1729 1266 verbum
1791 1202 2271 1269 substantivum
2327 1201 2586 1284 omittit,
2634 1206 2708 1268 ut
2754 1202 2813 1283 3,
2862 1202 2937 1266 2.’

575 1309 761 1390 9,18.
811 1309 869 1387 9,
897 1308 998 1371 28.
1051 1308 1151 1390 12,
1177 1308 1234 1371 8.
1288 1309 1387 1390 17,
1413 1310 1469 1372 2.
1519 1309 1749 1389 23,21.
1799 1309 1901 1391 45,
1928 1310 1984 1373 8.
2034 1312 2137 1391 47,
2163 1309 2219 1373 5.
2270 1310 2499 1391 53,10.
2549 1309 2779 1390 57,15.
2819 1310 2920 1391 aL,

575 1414 642 1479 in
691 1434 768 1479 ea
815 1435 886 1478 re
934 1413 1091 1479 nihil
1140 1413 1285 1478 miri
1336 1420 1449 1479 est.

757 1523 979 1603 Neque
1027 1541 1181 1587 vero
1229 1526 1455 1586 auctor
1487 1521 1566 1586 in
1616 1522 1969 1586 omittendo
2018 1523 2121 1588 vel
2169 1524 2459 1603 ponendo
2516 1523 2715 1589 verbo
2771 1523 2917 1586 sub-

578 1628 864 1695 stantivo
915 1633 1128 1692 certas
1175 1628 1461 1693 rationes
1508 1634 1766 1694 secutus
1814 1634 1927 1693 est.
2021 1630 2185 1693 Nam
2234 1648 2392 1710 cum,
2440 1634 2513 1692 ut
2561 1630 2919 1709 exemplum

578 1736 888 1819 adferam,
937 1739 1098 1802 ἐστὶν
1147 1738 1313 1816 quod
1362 1736 1464 1818 59,
1509 1738 1592 1801 10
1639 1742 1858 1801 exstat
1906 1741 2171 1818 propter
2216 1740 2347 1812 πὼς
2395 1734 2672 1801 orationi
2717 1735 2916 1799 inser-

577 1849 715 1908 tum
772 1863 911 1907 esse
974 1842 1278 1908 videatur
1343 1842 1478 1927 (καί
1550 1868 1681 1921 πως
1754 1846 1785 1908 ὁ
1857 1847 2185 1929 διασυρμὸς
2253 1846 2684 1929 ταπεινότητὸς
2758 1845 2919 1911 ἐστιν

577 1950 868 2037 αὔξησις),
920 1951 1020 2031 19,
1072 1950 1152 2012 12
1203 1949 1564 2014 enuntiatio
1611 1950 1679 2014 in
1727 1970 1855 2030 qua
1911 1955 2041 2029 πὼς
2098 1955 2317 2014 exstat
2365 1952 2564 2017 verbo
2620 1952 2917 2014 substan-

577 2056 714 2124 tivo
762 2062 944 2121 caret
991 2055 1291 2140 (τοιοῠτὸν
1339 2081 1470 2133 πως
1517 2062 1621 2122 καί
1671 2059 1733 2122 αἱ
1782 2058 2111 2144 μεταβολαὶ
2159 2060 2264 2122 καὶ
2312 2060 2645 2145 ὑπερβολαὶ
2692 2060 2798 2121 καὶ
2844 2061 2922 2122 τὰ

577 2164 1017 2251 πληθυντικά).
1112 2162 1182 2227 Si
1237 2166 1454 2228 autem
1513 2184 1654 2228 eam
1711 2183 1847 2228 rem
1905 2163 2385 2229 considerantes
2442 2166 2607 2244 quod
2663 2168 2917 2228 senten-

578 2270 712 2335 tiae
769 2272 1105 2337 absolutae
1163 2291 1328 2353 quae
1385 2271 1452 2335 in
1509 2270 1738 2335 ethicis
1794 2270 2219 2336 Democriteis
2275 2276 2443 2353 sunt,
2490 2270 2559 2335 111
2624 2270 2919 2335 enuntia-

578 2377 860 2443 tionibus
909 2379 1206 2446 relativis
1262 2380 1464 2446 verbo
1519 2378 1931 2444 substantivo
1988 2398 2113 2443 non
2171 2383 2415 2460 carent,
2473 2379 2923 2442 concludamus

577 2486 746 2550 idem
785 2505 923 2550 esse
962 2488 1132 2567 apud
1163 2485 1825 2568 Pseudo-Longinum,
1864 2505 1977 2550 nos
2008 2486 2202 2550 fallat
2232 2485 2459 2567 opinio
2536 2486 2611 2549 Id
2644 2486 2810 2565 quod
2844 2504 2922 2548 ex

579 2592 1008 2674 compluribus
1053 2592 1208 2659 locis
1254 2592 1675 2675 intellegitur,
1725 2593 1838 2658 ubi
1875 2592 2268 2658 contrarium
2306 2592 2611 2674 cernitur,
2660 2596 2735 2656 ut
2772 2594 2831 2675 9,
2867 2593 2921 2655 7.

582 2701 680 2782 10,
721 2701 777 2764 2.
826 2701 929 2783 35,
963 2701 1020 2765 2.
1069 2702 1148 2765 al.

754 2808 988 2887 Itaque
1037 2807 1235 2872 etiam
1281 2807 1349 2872 in
1396 2806 1541 2872 aliis
1591 2807 2147 2873 enuntiationibus
2206 2806 2614 2873 secundariis
2672 2807 2754 2871 ab
2812 2826 2924 2870 au-

579 2914 782 2978 ctore*
804 2916 1076 2980 verbum
1132 2914 1612 2981 substantivum
1669 2914 2015 3004 omittitur:
2073 2920 2217 2995 post
2272 2918 2377 2979 καὶ
2425 2917 2477 2979 εἰ
2528 2916 2627 2995 12,
2676 2914 2732 2995 8,
2780 2918 2923 2993 post

577 3024 629 3086 εἰ
676 3026 780 3086 καὶ
830 3021 932 3103 60,
967 3021 1068 3104 20,
1118 3027 1262 3102 post
1309 3026 1360 3087 εἰ
1409 3028 1489 3108 μὴ
1539 3022 1641 3104 66,
1685 3023 1785 3103 12,
1835 3025 1979 3101 post
2026 3024 2157 3089 ἐπεὶ
2206 3023 2308 3103 31,
2346 3022 2443 3085 19.
2492 3022 2595 3103 39,
2629 3022 2730 3102 24,
2777 3024 2923 3101 post

579 3132 669 3193 ὅτι
718 3128 822 3211 49,
859 3128 957 3211 13,
1005 3134 1149 3210 post
1198 3132 1279 3207 ὡς
1328 3130 1520 3211 51,1.

758 3234 1005 3318 Quibus
1072 3235 1227 3299 locis
1294 3235 1406 3299 alii
1472 3234 1703 3316 opponi
1780 3242 2062 3316 possunt,
2130 3234 2242 3299 ubi
2298 3236 2568 3301 verbum
2624 3236 2921 3315 substan-

578 3341 804 3423 tivum,
855 3346 1021 3423 quod
1070 3362 1196 3406 non
1252 3346 1684 3422 exspectatur,
1739 3346 1973 3423 exstat,
2032 3347 2108 3406 ut
2166 3343 2225 3425 9,
2268 3343 2366 3405 18.
2428 3343 2530 3424 24,
2576 3344 2629 3406 1.
2680 3342 2783 3423 49,
2832 3343 2921 3406 18.

579 3449 681 3531 53,
721 3450 778 3513 6.
828 3450 907 3513 al.

757 3557 881 3621 Sed
945 3575 1089 3621 cum
1137 3574 1370 3621 verear
1431 3575 1512 3619 ne
1567 3555 1633 3619 in
1683 3554 1785 3619 his
1846 3556 2037 3639 nugis
2085 3556 2455 3620 tractandis
2501 3555 2737 3637 longus
2786 3554 2922 3636 sim,

579 3662 704 3727 iam
770 3663 852 3727 ad
911 3663 1185 3728 alteram
1244 3680 1379 3726 rem
1441 3660 1848 3741 propositam
1896 3663 2203 3727 accedam
2252 3669 2318 3726 et
2366 3664 2446 3727 de
2493 3662 2751 3727 ratione
2800 3681 2927 3741 qua

581 3775 814 3835 auctor
870 3770 936 3835 in
985 3768 1440 3833 adferendis
1499 3768 1823 3833 aliorum
1876 3768 2351 3849 scriptorum
2390 3769 2584 3833 locis
2632 3788 2791 3833 usus
2840 3768 2929 3832 sit

578 3878 826 3957 loquar.
906 3877 1130 3957 Neque
1178 3895 1333 3941 vero
1385 3876 1592 3940 multa
1639 3876 1988 3940 multorum
2038 3881 2379 3956 poetarum
2428 3881 2495 3940 et
2535 3875 2927 3955 scriptorum

579 3983 971 4059 testimonia,
1006 4003 1172 4063 quae
1205 3985 1287 4048 ad
1324 3982 1691 4048 sententias
1726 3982 2155 4047 illustrandas
2188 3982 2413 4051 adfert
2443 3982 2775 4065 intelleg0‚
2812 3983 2925 4046 sed

580 4110 852 4171 parvum
885 4090 1140 4156 illorum
1174 4109 1509 4155 numerum
1541 4090 1777 4169 quibus
1810 4089 2173 4154 orationem
2205 4088 2592 4171 graviorem,
2636 4088 2927 4154 ornatio-

579 4218 737 4280 rem,
793 4197 1261 4280 elegantiorem
1319 4198 1594 4261 reddere
1647 4197 1805 4262 vult.
1930 4196 2056 4278 Qui
2113 4196 2236 4260 loci
2298 4216 2442 4260 011111
2500 4197 2582 4261 ab
2638 4194 2925 4260 Henrico

579 4304 879 4383 Herselio
921 4304 1136 4369 libello
1178 4326 1233 4369 a.
1267 4304 1937 4369 MDCCCLXXXIV.
2014 4302 2307 4367 Berolini
2337 4303 2597 4383 publice
2629 4302 2923 4383 defensO,

582 4431 706 4491 quo
757 4411 1128 4479 ostenditur
1175 4432 1304 4494 qua
1350 4412 1418 4477 in
1467 4410 1751 4475 citandis
1800 4410 2193 4493 scriptorum
2242 4416 2307 4475 et
2369 4416 2711 4490 poetarum
2767 4409 2929 4474 locis

3366 1336 3409 1381 «1

3360 2372 3409 2495 ιΔ
