3417 5059
497 548 806 633 ἐλεύθερα
835 548 1282 632 συνεκλάμπειε
1342 546 1444 627 67,
1476 546 1517 610 5
1565 549 1757 623 εὐθὺς
1785 550 1904 633 γὰρ
1946 548 2189 625 ἀναζεῐν
2234 550 2303 611 τὸ
2348 548 2847 631 ἀπαρρησιάστον

497 658 602 719 καὶ
650 652 775 720 οἷον
822 658 1166 741 ἔμφρουρον
1214 656 1332 719 ὑπὸ
1380 654 1715 740 συνηθείας
1761 654 2329 739 κεκονδυλισμένον.

677 758 738 845 c)
787 762 994 827 οἱονεί;
1047 760 1151 841 32,
1202 760 1243 824 6
1291 761 1473 825 οἱονεί
1519 762 1930 847 φοιβόληπτος
1973 762 2314 846 γενόμενος.

676 866 741 950 d)
788 870 1113 953 καθάπερ;
1162 868 1267 947 32,
1320 869 1359 932 6
1407 869 1702 953 καθάπερ
1751 869 2156 953 ἐμπνευσθείς
2202 868 2486 953 ἐξαίφνης
2518 869 2636 932 ὑπὸ
2670 869 2843 932 θεοῦ.

676 975 734 1052 e)
782 975 865 1050 ὡς
903 978 976 1040 ἂν
1005 977 1162 1040 εἴποι
1192 995 1305 1051 τις;
1343 974 1448 1053 68,
1476 975 1508 1036 1
1542 976 1582 1060 ἡ
1617 974 2072 1061 φιλοχρηματία
2104 977 2209 1039 καὶ
2237 976 2276 1060 ἡ
2313 974 2634 1060 φιληδονία
2664 977 2847 1040 δουλ-

499 1094 832 1169 αγωγοῦσι,
885 1083 1121 1166 μᾶλλον
1167 1084 1235 1146 δὲ
1283 1083 1365 1159 ὡς
1413 1085 1488 1147 ἂν
1533 1084 1689 1146 εἴποι
1737 1105 1824 1158 τις
1871 1082 2359 1167 καταβυθίζουσι
2405 1086 2545 1159 τοὺς
2593 1082 2773 1167 βίους.

676 1186 728 1271 f)
777 1191 894 1265 τίς;
961 1188 1064 1267 25,
1113 1187 1195 1251 10
1234 1190 1267 1253 ό
1309 1189 1573 1254 Πλάτων
1607 1190 1863 1274 τοιούτῳ
1902 1191 2011 1253 τινί
2052 1190 2309 1274 χεύματι
2351 1190 2622 1273 ἀψοφητὶ
2656 1190 2843 1273 ῥέωνς

498 1296 601 1374 23,
630 1296 711 1359 15
740 1298 846 1360 καὶ
873 1299 1000 1381 ἅμα
1027 1296 1352 1361 παιώνειόν
1384 1319 1517 1361 τινα
1547 1297 1655 1361 καί
1670 1297 2169 1381 ἀλεξιφάρμακον
2198 1296 2282 1370 εἰς
2310 1299 2418 1371 τὰς
2438 1305 2560 1360 τῶν
2590 1297 2847 1361 ἀκουόν-

495 1426 618 1468 των
666 1405 868 1489 ψυχὰς
905 1405 1149 1481 καθιεὶς
1180 1405 1397 1488 λόγον;
1434 1402 1539 1480 55,
1579 1403 1656 1465 11
1692 1405 1734 1489 ἡ
1768 1404 1943 1488 φύσις
1970 1404 2051 1479 ὡς
2084 1405 2166 1478 εἰς
2197 1403 2470 1487 μεγάλην
2494 1406 2628 1467 τινὰ
2650 1404 2845 1487 πανή-

495 1533 666 1596 γυριν
713 1512 796 1586 εἰς
843 1514 946 1575 τὸν
994 1509 1123 1596 βίον
1169 1513 1274 1575 καὶ
1321 1512 1405 1588 εἰς
1451 1515 1554 1575 τὸν
1603 1512 1927 1595 σύμπαντα
1973 1513 2207 1593 κόσμον
2255 1510 2577 1595 ἐπάγουσα
2613 1511 2847 1586 θεατάς

497 1640 663 1695 τινας
709 1628 832 1682 τῶν
879 1619 1101 1683 ἄθλων
1148 1621 1336 1702 αὐτῆς
1383 1618 1710 1703 ἐσομένους
1766 1619 1871 1681 καὶ
1920 1617 2421 1701 φιλοτιμοτάτους
2468 1617 2843 1701 ἀγωνιστάς;

496 1723 599 1805 34,
650 1724 691 1788 6
746 1729 816 1789 τὸ
876 1724 1076 1790 τοίνυν
1136 1727 1290 1808 ὕψος
1348 1727 1453 1789 καὶ
1519 1726 1727 1800 πάθος
1787 1735 1894 1808 τῆς
1942 1725 2039 1788 ἐπὶ
2102 1733 2187 1808 τῷ
2236 1723 2633 1808 σχηματίζειν
2691 1726 2844 1789 ὑπο-

497 1831 661 1907 νοίας
717 1832 996 1917 ἀλέξημα
1055 1834 1160 1895 καὶ
1224 1833 1555 1916 θαυμαστή
1617 1853 1704 1908 τις
1753 1831 2072 1915 ἐπικουρία
2133 1830 2507 1894 καθίσταται
2564 1831 2670 1895 καί
2716 1854 2847 1908 πως

498 1940 986 2023 παραληφθεῖσα
1032 1940 1072 2023 ἡ
1119 1949 1226 2003 τοῦ
1275 1948 1638 2023 πανουργεῖν
1685 1939 1872 2024 τέχνη
1920 1948 2044 2013 τοῖς
2091 1938 2349 2002 κάλλεσι
2397 1940 2501 2001 καὶ
2551 1938 2845 2024 μεγέθεσι

495 2050 564 2110 τὸ
612 2046 824 2109 λοιπὸν
872 2045 1125 2109 δέδυκεν
1172 2047 1278 2110 καὶ
1325 2056 1530 2110 πᾶσαν
1577 2044 1845 2129 ὑποψίαν
1893 2045 2292 2129 ἐκπέφευγεν.

676 2150 899 2214 Multis
948 2150 1404 2233 allegoriarum
1453 2150 1760 2230 exemplis
1808 2151 2300 2232 hyperboles‚
2358 2170 2544 2230 quem
2592 2155 2847 2232 tropum

499 2257 782 2338 scriptor
836 2257 904 2322 in
961 2258 1088 2321 fine
1145 2258 1280 2322 eius
1335 2257 1543 2338 partis
1599 2262 1849 2321 tractat
1904 2276 2071 2337 quae
2127 2259 2206 2321 de
2261 2257 2509 2338 tropica
2558 2257 2849 2322 oratione

498 2364 640 2446 agit
670 2363 1116 2448 (XXXVIII.)
1149 2364 1272 2429 nisi
1320 2385 1514 2429 unum
1564 2366 1921 2445 exemplum
1970 2383 2289 2445 opponere
2336 2384 2597 2445 nequeo
2664 2366 2845 2449 Quod

497 2470 710 2553 capite
768 2471 851 2535 34
901 2477 1118 2536 exstat
1166 2491 1288 2551 quo
1335 2471 1787 2536 Demosthenis
1834 2471 2041 2535 oratio
2090 2491 2231 2536 cum
2278 2472 2631 2553 Hyperidis
2680 2492 2843 2537 com-

496 2583 772 2659 paratur
820 2584 887 2643 et
934 2580 1126 2645 valde
1173 2580 1496 2643 laudatur.
1574 2578 1674 2642 Ibi
1724 2582 1950 2643 auctor
1997 2578 2539 2659 comparationem
2569 2579 2668 2644 ita
2701 2600 2844 2644 con-

497 2686 699 2750 cludit
745 2690 816 2750 ut
865 2686 1041 2751 dicat
1087 2686 1358 2750 celerius
1408 2686 1684 2766 aliquem
1734 2687 1944 2750 oculos
1991 2686 2235 2766 fulguri
2283 2706 2473 2767 quam
2508 2688 2847 2752 cumulatis

497 2792 772 2857 oratoris
821 2793 1182 2857 adfectibus
1231 2794 1574 2859 obvertere
1621 2812 1829 2873 posse:
1877 2798 1981 2858 καί
2026 2799 2259 2859 θᾶττον
2291 2798 2364 2859 ἄν
2397 2819 2483 2871 τις
2531 2807 2848 2880 κεραυνοῖς

498 2902 850 2986 φερομένοις
907 2903 1249 2981 ἀντανοῖξαι
1307 2906 1383 2966 τὰ
1441 2906 1684 2988 ὄμματα
1743 2904 1985 2966 δύναιτο
2041 2904 2081 2986 ἢ
2142 2904 2663 2988 ἀντοφθαλμῆσαι
2724 2914 2847 2980 τοῖς

497 3009 888 3093 ἐπαλλήλοις·
917 3010 1153 3074 ἐκείνου
1201 3011 1488 3074 πάθεσιν.

680 3114 995 3197 Quoniam
1071 3134 1225 3180 vero
1300 3116 1683 3196 hyperboles
1752 3117 2110 3196 exemplum
2175 3115 2583 3197 ostendimus,
2650 3116 2845 3180 etiam

499 3223 654 3285 duos
699 3222 867 3284 locos
915 3223 1282 3287 adferamus
1329 3222 1559 3301 quibus
1599 3222 1871 3286 litotes
1904 3227 2136 3286 exstat.
2194 3222 2311 3287 Cui
2342 3227 2526 3303 tropo
2560 3242 2638 3287 ea
2674 3222 2845 3287 simi-

497 3327 702 3391 litudo
767 3348 908 3393 cum
972 3330 1322 3410 hyperbole
1389 3335 1502 3411 est,
1559 3334 1633 3393 ut
1687 3331 1848 3394 haec
1904 3350 2039 3394 rem
2088 3331 2261 3394 ultra
2308 3333 2559 3394 modum
2607 3335 2849 3412 augeat

499 3440 565 3498 et
613 3435 976 3515 amplificet.
1024 3435 1120 3499 ita
1168 3442 1236 3500 ut
1288 3440 1519 3500 decens
1567 3437 1707 3502 veri
1756 3416 2140 3518 superiectio
2190 3440 2453 3521 evadat‚·
2496 3458 2636 3502 cum
2675 3436 2847 3502 illius

497 3548 736 3606 natura
775 3542 876 3623 sit,
910 3547 983 3606 ut
1014 3543 1360 3624 negatione
1391 3564 1507 3624 per
1537 3544 1813 3625 speciem
1846 3565 2068 3611 veram
2102 3544 2371 3610 alicuius
2403 3544 2499 3609 rei
2531 3544 2847 3610 rationem

497 3648 765 3730 minuat,
816 3669 886 3713 re
919 3670 1078 3715 vera
1127 3670 1268 3715 eam
1317 3657 1572 3733 augeat.
1653 3654 1795 3717 Duo
1844 3658 2061 3717 autem
2093 3653 2279 3717 huius
2327 3652 2496 3733 tropi
2554 3654 2849 3733 exempla

497 3755 652 3820 mihi
701 3763 1137 3823 occurrerunt.
1217 3760 1512 3823 Alterum
1563 3779 1781 3823 eorum
1816 3761 1914 3841 15,
1951 3762 2030 3823 17
2067 3765 2284 3824 exstat
2316 3780 2438 3841 quo
2470 3761 2605 3825 loco
2638 3762 2846 3825 Moses

501 3867 616 3949 οὐχ
673 3866 705 3928 ό
760 3868 966 3950 τυχὼν
1023 3869 1176 3952 ἀνὴρ
1234 3865 1487 3945 dicitur,
1537 3866 1815 3931 alterum
1864 3868 1966 3949 28,
2018 3868 2099 3930 19
2147 3867 2257 3932 ubi
2306 3867 2605 3931 similiter
2652 3867 2870 3932 Euri-‘

499 3968 678 4049 pides
715 3982 845 4047 ταῖς
883 3974 1099 4051 ἄλλαις
1132 3974 1527 4039 ἐπιτίθεσθαι
1561 3976 1920 4059 φαντασίαις
1952 3979 2067 4040 οὐκ
2098 3978 2363 4061 ἄτολμος
2395 3976 2777 4055 appellatur.
2796 3975 2847 4060 ¹)

760 4099 924 4107 --——-

679 4146 718 4215 ¹)
759 4150 1006 4201 Ceterum
1035 4164 1151 4201 cuni
1183 4150 1263 4201 his
1293 4150 1553 4216 exemplis
1580 4150 1718 4203 talia
1738 4150 1965 4203 conferri
1994 4157 2245 4217 possunt:
2286 4154 2368 4214 25,
2400 4154 2465 4205 12
2494 4155 2591 4203 οὐκ
2614 4156 2843 4219 ἀγνοεῖς;

499 4236 583 4301 28,
630 4239 663 4289 6
713 4240 810 4288 οὐκ
858 4241 918 4288 διν
957 4240 1118 4289 λάθοι
1161 4256 1242 4303 σε;
1290 4240 1375 4306 33,
1415 4240 1479 4292 21
1523 4242 1621 4291 οὐκ
1661 4243 1801 4301 ἄξιον
1839 4244 1921 4291 ἐπὶ
1958 4243 2143 4291 τοὺτου
2183 4247 2273 4292 τοῦ
2311 4245 2473 4292 τόπου
2509 4245 2844 4308 παραλιπεῖν;

497 4326 582 4388 44,
613 4327 678 4378 19
705 4330 773 4393 μὴ
812 4331 904 4377 καὶ
941 4331 1176 4392 περιττὸν
1214 4325 1248 4393 ᾖ
1285 4331 1414 4393 πρὸς
1453 4333 1656 4391 εἰδότας
1695 4333 1955 4395 διεξιέναι,
1983 4330 2067 4396 59,
2095 4331 2129 4383 3
2168 4333 2237 4392 ὡς
2277 4333 2335 4381 οὗ
2371 4333 2621 4383 διαλείπω
2648 4334 2845 4398 λέγων,

497 4414 582 4483 66,
623 4415 656 4467 6
697 4418 795 4467 οὐκ
833 4420 1122 4484 ὀκνήσομεν
1158 4420 1562 4483 ἐπιπροσθεῖναι.
