<?xml version="1.0" encoding="UTF-8"?>
<!DOCTYPE html PUBLIC "-//W3C//DTD XHTML 1.0 Transitional//EN"
    "http://www.w3.org/TR/xhtml1/DTD/xhtml1-transitional.dtd">
<html xmlns="http://www.w3.org/1999/xhtml" xml:lang="en" lang="en">
 <head>
  <title>
</title>
<meta http-equiv="Content-Type" content="text/html;charset=utf-8" />
  <meta name='ocr-system' content='tesseract 3.04.00' />
  <meta name='ocr-capabilities' content='ocr_page ocr_carea ocr_par ocr_line ocrx_word'/>
</head>
<body>
  <div class='ocr_page' id='page_1' title='image "./deanonymiperihy01freygoog_0049.png"; bbox 0 0 3417 5059; ppageno 0'>
   <div class='ocr_carea' id='block_1_1' title="bbox 1543 355 1982 419">
    <p class='ocr_par' dir='ltr' id='par_1_1' title="bbox 1543 355 1982 419">
     <span class='ocr_line' id='line_1_1' title="bbox 1543 355 1982 419; baseline 0 -19"><span class='ocrx_word' id='word_1_1' title='bbox 1543 392 1650 401; x_wconf 79' lang='grc'>--.</span> <span class='ocrx_word' id='word_1_2' title='bbox 1720 355 1805 419; x_wconf 78' lang='grc'>46</span> <span class='ocrx_word' id='word_1_3' title='bbox 1898 394 1982 400; x_wconf 55' lang='grc'><strong>,</strong></span> 
     </span>
    </p>
   </div>
   <div class='ocr_carea' id='block_1_2' title="bbox 505 550 2929 3419">
    <p class='ocr_par' dir='ltr' id='par_1_2' title="bbox 505 550 2929 3419">
     <span class='ocr_line' id='line_1_2' title="bbox 591 550 2926 639; baseline 0.001 -22"><span class='ocrx_word' id='word_1_4' title='bbox 591 556 660 617; x_wconf 79' lang='grc' dir='ltr'>τὸ</span> <span class='ocrx_word' id='word_1_5' title='bbox 705 552 880 637; x_wconf 90' lang='grc' dir='ltr'>γένος</span> <span class='ocrx_word' id='word_1_6' title='bbox 929 550 1040 637; x_wconf 80' lang='lat' dir='ltr'>[se.</span> <span class='ocrx_word' id='word_1_7' title='bbox 1077 557 1147 618; x_wconf 81' lang='grc' dir='ltr'>τὸ</span> <span class='ocrx_word' id='word_1_8' title='bbox 1196 550 1649 638; x_wconf 83' lang='grc' dir='ltr'>μειρακιῶδες],</span> <span class='ocrx_word' id='word_1_9' title='bbox 1699 554 1759 632; x_wconf 97' lang='grc'>6,</span> <span class='ocrx_word' id='word_1_10' title='bbox 1802 552 1843 616; x_wconf 87' lang='grc'><strong>9</strong></span> <span class='ocrx_word' id='word_1_11' title='bbox 1892 553 2331 630; x_wconf 85' lang='grc' dir='ltr'>ἐποκέλλοντες</span> <span class='ocrx_word' id='word_1_12' title='bbox 2378 556 2463 631; x_wconf 82' lang='grc' dir='ltr'>εἰς</span> <span class='ocrx_word' id='word_1_13' title='bbox 2509 557 2578 619; x_wconf 80' lang='grc' dir='ltr'>τὸ</span> <span class='ocrx_word' id='word_1_14' title='bbox 2625 556 2926 639; x_wconf 79' lang='grc' dir='ltr'>ῥωπικὸν,</span> 
     </span>
     <span class='ocr_line' id='line_1_3' title="bbox 591 658 2927 745; baseline 0.002 -24"><span class='ocrx_word' id='word_1_15' title='bbox 591 658 651 735; x_wconf 89' lang='grc'>6,</span> <span class='ocrx_word' id='word_1_16' title='bbox 697 658 778 722; x_wconf 89' lang='grc'>10</span> <span class='ocrx_word' id='word_1_17' title='bbox 825 661 1021 745; x_wconf 89' lang='grc' dir='ltr'>τούτῳ</span> <span class='ocrx_word' id='word_1_18' title='bbox 1054 661 1418 745; x_wconf 87' lang='grc' dir='ltr'>παράκειται</span> <span class='ocrx_word' id='word_1_19' title='bbox 1449 660 1647 745; x_wconf 89' lang='grc' dir='ltr'>τρίτον</span> <span class='ocrx_word' id='word_1_20' title='bbox 1692 683 1749 725; x_wconf 91' lang='grc' dir='ltr'>τι</span> <span class='ocrx_word' id='word_1_21' title='bbox 1796 660 2021 737; x_wconf 88' lang='grc' dir='ltr'>κακίας</span> <span class='ocrx_word' id='word_1_22' title='bbox 2066 659 2257 741; x_wconf 83' lang='grc' dir='ltr'>εἶδος,</span> <span class='ocrx_word' id='word_1_23' title='bbox 2309 660 2366 740; x_wconf 84' lang='grc'>’7,</span> <span class='ocrx_word' id='word_1_24' title='bbox 2409 661 2450 724; x_wconf 90' lang='lat'>4</span> <span class='ocrx_word' id='word_1_25' title='bbox 2498 660 2813 727; x_wconf 82' lang='grc' dir='ltr'>ἐκπίπτων</span> <span class='ocrx_word' id='word_1_26' title='bbox 2844 663 2927 737; x_wconf 83' lang='grc' dir='ltr'>εἰς</span> 
     </span>
     <span class='ocr_line' id='line_1_4' title="bbox 590 766 2927 853; baseline 0 -23"><span class='ocrx_word' id='word_1_27' title='bbox 590 770 658 830; x_wconf 83' lang='grc' dir='ltr'>τὸ</span> <span class='ocrx_word' id='word_1_28' title='bbox 705 767 1334 852; x_wconf 87' lang='grc' dir='ltr'>παιδαριωδέστατον,</span> <span class='ocrx_word' id='word_1_29' title='bbox 1384 768 1444 844; x_wconf 88' lang='grc'>9,</span> <span class='ocrx_word' id='word_1_30' title='bbox 1495 766 1535 830; x_wconf 91' lang='grc'><strong>5</strong></span> <span class='ocrx_word' id='word_1_31' title='bbox 1582 771 1660 831; x_wconf 81' lang='grc' dir='ltr'>τὰ</span> <span class='ocrx_word' id='word_1_32' title='bbox 1705 772 1943 852; x_wconf 80' lang='grc' dir='ltr'>ἄσεμνα</span> <span class='ocrx_word' id='word_1_33' title='bbox 1989 768 2281 853; x_wconf 79' lang='grc' dir='ltr'>ἐμφύεται</span> <span class='ocrx_word' id='word_1_34' title='bbox 2327 778 2451 843; x_wconf 82' lang='grc' dir='ltr'>τοῖς</span> <span class='ocrx_word' id='word_1_35' title='bbox 2497 769 2735 852; x_wconf 81' lang='grc' dir='ltr'>λόγοις,</span> <span class='ocrx_word' id='word_1_36' title='bbox 2785 767 2845 846; x_wconf 93' lang='grc'>9,</span> <span class='ocrx_word' id='word_1_37' title='bbox 2888 768 2927 831; x_wconf 88' lang='grc'>6</span> 
     </span>
     <span class='ocr_line' id='line_1_5' title="bbox 591 872 2928 959; baseline 0.001 -23"><span class='ocrx_word' id='word_1_38' title='bbox 591 875 726 958; x_wconf 81' lang='grc' dir='ltr'>περὶ</span> <span class='ocrx_word' id='word_1_39' title='bbox 775 876 807 937; x_wconf 86' lang='grc' dir='ltr'><em>ὃ</em></span> <span class='ocrx_word' id='word_1_40' title='bbox 856 875 1119 959; x_wconf 88' lang='grc' dir='ltr'>μάλιστα</span> <span class='ocrx_word' id='word_1_41' title='bbox 1179 874 1656 959; x_wconf 85' lang='grc' dir='ltr'>κορυβαντιῶσιν</span> <span class='ocrx_word' id='word_1_42' title='bbox 1715 874 1771 938; x_wconf 82' lang='grc' dir='ltr'>οἱ</span> <span class='ocrx_word' id='word_1_43' title='bbox 1817 885 1955 955; x_wconf 82' lang='grc' dir='ltr'>νῦν,</span> <span class='ocrx_word' id='word_1_44' title='bbox 2018 872 2077 953; x_wconf 95' lang='grc'>9,</span> <span class='ocrx_word' id='word_1_45' title='bbox 2132 874 2214 938; x_wconf 89' lang='grc'>15</span> <span class='ocrx_word' id='word_1_46' title='bbox 2269 878 2378 950; x_wconf 83' lang='grc' dir='ltr'>τὰς</span> <span class='ocrx_word' id='word_1_47' title='bbox 2425 875 2928 959; x_wconf 81' lang='grc' dir='ltr'>ἀνακεκραμένας</span> 
     </span>
     <span class='ocr_line' id='line_1_6' title="bbox 589 978 2927 1067; baseline 0 -23"><span class='ocrx_word' id='word_1_48' title='bbox 589 980 813 1056; x_wconf 85' lang='grc' dir='ltr'>κακίας</span> <span class='ocrx_word' id='word_1_49' title='bbox 859 990 982 1056; x_wconf 86' lang='grc' dir='ltr'>τοῖς</span> <span class='ocrx_word' id='word_1_50' title='bbox 1028 981 1318 1064; x_wconf 82' lang='grc' dir='ltr'>ὑψηλοῖς,</span> <span class='ocrx_word' id='word_1_51' title='bbox 1384 978 1486 1059; x_wconf 89' lang='grc'>10,</span> <span class='ocrx_word' id='word_1_52' title='bbox 1541 980 1573 1041; x_wconf 97' lang='grc'>1</span> <span class='ocrx_word' id='word_1_53' title='bbox 1634 982 2134 1066; x_wconf 79' lang='grc' dir='ltr'>άναπτυττὸμενα</span> <span class='ocrx_word' id='word_1_54' title='bbox 2162 978 2281 1065; x_wconf 82' lang='grc' dir='ltr'>’[τὰ</span> <span class='ocrx_word' id='word_1_55' title='bbox 2326 978 2671 1067; x_wconf 81' lang='grc' dir='ltr'>διηρμένα],</span> <span class='ocrx_word' id='word_1_56' title='bbox 2734 980 2835 1061; x_wconf 81' lang='grc'>10,</span> <span class='ocrx_word' id='word_1_57' title='bbox 2886 981 2927 1045; x_wconf 99' lang='grc'><strong>9</strong></span> 
     </span>
     <span class='ocr_line' id='line_1_7' title="bbox 589 1087 2928 1173; baseline 0.002 -23"><span class='ocrx_word' id='word_1_58' title='bbox 589 1088 966 1170; x_wconf 81' lang='grc' dir='ltr'>ἀκουόμενὸν</span> <span class='ocrx_word' id='word_1_59' title='bbox 1013 1109 1066 1151; x_wconf 91' lang='grc' dir='ltr'>τι</span> <span class='ocrx_word' id='word_1_60' title='bbox 1097 1122 1184 1131; x_wconf 85' lang='grc'>--</span> <span class='ocrx_word' id='word_1_61' title='bbox 1212 1124 1300 1131; x_wconf 90' lang='lat'>—-</span> <span class='ocrx_word' id='word_1_62' title='bbox 1333 1087 1522 1173; x_wconf 81' lang='grc' dir='ltr'>πίπτῃ</span> <span class='ocrx_word' id='word_1_63' title='bbox 1552 1124 1639 1133; x_wconf 85' lang='grc'>--</span> <span class='ocrx_word' id='word_1_64' title='bbox 1665 1124 1747 1131; x_wconf 93' lang='grc'>-</span> <span class='ocrx_word' id='word_1_65' title='bbox 1772 1089 1857 1164; x_wconf 83' lang='grc' dir='ltr'>εἰς</span> <span class='ocrx_word' id='word_1_66' title='bbox 1903 1088 2273 1173; x_wconf 84' lang='grc' dir='ltr'>ἀπαύξησιν,</span> <span class='ocrx_word' id='word_1_67' title='bbox 2327 1088 2428 1167; x_wconf 93' lang='grc'>11,</span> <span class='ocrx_word' id='word_1_68' title='bbox 2480 1088 2519 1151; x_wconf 88' lang='grc'>6</span> <span class='ocrx_word' id='word_1_69' title='bbox 2566 1088 2813 1173; x_wconf 85' lang='grc' dir='ltr'>πέμπτη</span> <span class='ocrx_word' id='word_1_70' title='bbox 2861 1090 2928 1154; x_wconf 83' lang='grc' dir='ltr'>δὲ</span> 
     </span>
     <span class='ocr_line' id='line_1_8' title="bbox 591 1192 2929 1280; baseline 0.001 -23"><span class='ocrx_word' id='word_1_71' title='bbox 591 1192 896 1277; x_wconf 83' lang='grc' dir='ltr'>μεγέθους</span> <span class='ocrx_word' id='word_1_72' title='bbox 952 1194 1113 1258; x_wconf 81' lang='grc' dir='ltr'>αἰτία</span> <span class='ocrx_word' id='word_1_73' title='bbox 1173 1197 1277 1258; x_wconf 85' lang='grc' dir='ltr'><strong>καί</strong></span> <span class='ocrx_word' id='word_1_74' title='bbox 1335 1196 1750 1280; x_wconf 86' lang='grc' dir='ltr'>συγκλείουσα</span> <span class='ocrx_word' id='word_1_75' title='bbox 1795 1198 1873 1259; x_wconf 82' lang='grc' dir='ltr'>τὰ</span> <span class='ocrx_word' id='word_1_76' title='bbox 1918 1198 2035 1280; x_wconf 78' lang='grc' dir='ltr'>πρὸ</span> <span class='ocrx_word' id='word_1_77' title='bbox 2084 1196 2303 1280; x_wconf 83' lang='grc' dir='ltr'>ἑαυτῆς</span> <span class='ocrx_word' id='word_1_78' title='bbox 2352 1199 2625 1276; x_wconf 85' lang='grc' dir='ltr'>ἅπαντα,</span> <span class='ocrx_word' id='word_1_79' title='bbox 2690 1195 2792 1273; x_wconf 92' lang='grc'>11,</span> <span class='ocrx_word' id='word_1_80' title='bbox 2846 1194 2929 1261; x_wconf 97' lang='grc'>15</span> 
     </span>
     <span class='ocr_line' id='line_1_9' title="bbox 505 1298 2927 1388; baseline 0.002 -25"><span class='ocrx_word' id='word_1_81' title='bbox 505 1316 512 1335; x_wconf 81' lang='lat'>‘</span> <span class='ocrx_word' id='word_1_82' title='bbox 588 1303 664 1363; x_wconf 85' lang='grc' dir='ltr'>τὰ</span> <span class='ocrx_word' id='word_1_83' title='bbox 709 1303 847 1385; x_wconf 76' lang='grc' dir='ltr'>περὶ</span> <span class='ocrx_word' id='word_1_84' title='bbox 893 1306 1034 1377; x_wconf 84' lang='grc' dir='ltr'>τοὺς</span> <span class='ocrx_word' id='word_1_85' title='bbox 1064 1298 1382 1377; x_wconf 82' lang='grc' dir='ltr'>Ἀλωάδας</span> <span class='ocrx_word' id='word_1_86' title='bbox 1427 1312 1514 1387; x_wconf 82' lang='grc' dir='ltr'>τῷ</span> <span class='ocrx_word' id='word_1_87' title='bbox 1562 1312 1785 1386; x_wconf 81' lang='grc' dir='ltr'>ποιητῇ</span> <span class='ocrx_word' id='word_1_88' title='bbox 1830 1304 2453 1388; x_wconf 88' lang='grc' dir='ltr'>παρατετολμημένα,</span> <span class='ocrx_word' id='word_1_89' title='bbox 2506 1302 2607 1377; x_wconf 93' lang='grc'>12,</span> <span class='ocrx_word' id='word_1_90' title='bbox 2653 1300 2735 1364; x_wconf 90' lang='grc'>10</span> <span class='ocrx_word' id='word_1_91' title='bbox 2782 1305 2927 1367; x_wconf 84' lang='grc' dir='ltr'>ἀνα·-</span> 
     </span>
     <span class='ocr_line' id='line_1_10' title="bbox 585 1407 2928 1495; baseline 0.001 -24"><span class='ocrx_word' id='word_1_92' title='bbox 585 1407 827 1492; x_wconf 87' lang='grc' dir='ltr'>τρέφειν</span> <span class='ocrx_word' id='word_1_93' title='bbox 873 1412 980 1484; x_wconf 79' lang='grc' dir='ltr'>τὰς</span> <span class='ocrx_word' id='word_1_94' title='bbox 1029 1409 1265 1493; x_wconf 81' lang='grc' dir='ltr'>ψυχάς,</span> <span class='ocrx_word' id='word_1_95' title='bbox 1319 1407 1418 1482; x_wconf 86' lang='grc'>13,</span> <span class='ocrx_word' id='word_1_96' title='bbox 1460 1407 1500 1470; x_wconf 90' lang='grc'>4</span> <span class='ocrx_word' id='word_1_97' title='bbox 1555 1410 1639 1484; x_wconf 79' lang='grc' dir='ltr'>εἰς</span> <span class='ocrx_word' id='word_1_98' title='bbox 1687 1412 1829 1484; x_wconf 85' lang='grc' dir='ltr'>τοὺς</span> <span class='ocrx_word' id='word_1_99' title='bbox 1877 1408 2141 1492; x_wconf 84' lang='grc' dir='ltr'>μάλιστα</span> <span class='ocrx_word' id='word_1_100' title='bbox 2189 1410 2601 1494; x_wconf 82' lang='grc' dir='ltr'>φρονηματίας</span> <span class='ocrx_word' id='word_1_101' title='bbox 2648 1409 2928 1495; x_wconf 78' lang='grc' dir='ltr'>ἐμπίπτει</span> 
     </span>
     <span class='ocr_line' id='line_1_11' title="bbox 587 1514 2927 1602; baseline 0.002 -24"><span class='ocrx_word' id='word_1_102' title='bbox 587 1516 664 1578; x_wconf 79' lang='grc' dir='ltr'>τὰ</span> <span class='ocrx_word' id='word_1_103' title='bbox 695 1516 1004 1599; x_wconf 83' lang='grc' dir='ltr'>ὑπερφυᾶ,</span> <span class='ocrx_word' id='word_1_104' title='bbox 1049 1514 1150 1594; x_wconf 88' lang='grc'>16,</span> <span class='ocrx_word' id='word_1_105' title='bbox 1191 1515 1223 1577; x_wconf 88' lang='grc'>1</span> <span class='ocrx_word' id='word_1_106' title='bbox 1258 1519 1368 1599; x_wconf 82' lang='grc' dir='ltr'>τὴν</span> <span class='ocrx_word' id='word_1_107' title='bbox 1405 1526 1512 1579; x_wconf 84' lang='grc' dir='ltr'>τοῦ</span> <span class='ocrx_word' id='word_1_108' title='bbox 1552 1515 1730 1579; x_wconf 90' lang='grc' dir='ltr'>θείου</span> <span class='ocrx_word' id='word_1_109' title='bbox 1763 1516 2013 1599; x_wconf 85' lang='grc' dir='ltr'>δύναμιν</span> <span class='ocrx_word' id='word_1_110' title='bbox 2045 1514 2359 1600; x_wconf 81' lang='grc' dir='ltr'>ἐχώρησε,</span> <span class='ocrx_word' id='word_1_111' title='bbox 2404 1514 2503 1595; x_wconf 93' lang='grc'>16,</span> <span class='ocrx_word' id='word_1_112' title='bbox 2540 1517 2581 1579; x_wconf 88' lang='grc'><strong>6</strong></span> <span class='ocrx_word' id='word_1_113' title='bbox 2616 1514 2927 1602; x_wconf 85' lang='grc' dir='ltr'>[Ὅμηρος]</span> 
     </span>
     <span class='ocr_line' id='line_1_12' title="bbox 587 1621 2929 1708; baseline 0.001 -23"><span class='ocrx_word' id='word_1_114' title='bbox 587 1622 671 1697; x_wconf 79' lang='grc' dir='ltr'>εἰς</span> <span class='ocrx_word' id='word_1_115' title='bbox 715 1625 794 1685; x_wconf 85' lang='grc' dir='ltr'>τὰ</span> <span class='ocrx_word' id='word_1_116' title='bbox 837 1623 1079 1707; x_wconf 76' lang='grc' dir='ltr'>ἠρωϊκὰ</span> <span class='ocrx_word' id='word_1_117' title='bbox 1127 1623 1365 1708; x_wconf 90' lang='grc' dir='ltr'>μεγέθη</span> <span class='ocrx_word' id='word_1_118' title='bbox 1414 1621 1830 1707; x_wconf 87' lang='grc' dir='ltr'>συνεμβαίνειν</span> <span class='ocrx_word' id='word_1_119' title='bbox 1868 1622 2093 1703; x_wconf 78' lang='grc' dir='ltr'>ἐθίζει,</span> <span class='ocrx_word' id='word_1_120' title='bbox 2147 1622 2247 1701; x_wconf 91' lang='grc'>17,</span> <span class='ocrx_word' id='word_1_121' title='bbox 2288 1622 2327 1685; x_wconf 91' lang='grc'><strong>2</strong></span> <span class='ocrx_word' id='word_1_122' title='bbox 2377 1624 2648 1708; x_wconf 77' lang='grc' dir='ltr'>μεγάλης</span> <span class='ocrx_word' id='word_1_123' title='bbox 2686 1624 2929 1708; x_wconf 88' lang='grc' dir='ltr'>φύσεως</span> 
     </span>
     <span class='ocr_line' id='line_1_13' title="bbox 587 1728 2927 1815; baseline 0 -23"><span class='ocrx_word' id='word_1_124' title='bbox 587 1729 1076 1815; x_wconf 85' lang='grc' dir='ltr'>ὑποφερομένης,</span> <span class='ocrx_word' id='word_1_125' title='bbox 1138 1730 1238 1803; x_wconf 89' lang='grc'>17,</span> <span class='ocrx_word' id='word_1_126' title='bbox 1293 1729 1374 1791; x_wconf 89' lang='grc'>19</span> <span class='ocrx_word' id='word_1_127' title='bbox 1429 1729 1896 1814; x_wconf 77' lang='grc' dir='ltr'>ἐξωμαλισμένα</span> <span class='ocrx_word' id='word_1_128' title='bbox 1940 1732 2018 1793; x_wconf 79' lang='grc' dir='ltr'>τὰ</span> <span class='ocrx_word' id='word_1_129' title='bbox 2064 1730 2219 1814; x_wconf 79' lang='grc' dir='ltr'>ὕψη,</span> <span class='ocrx_word' id='word_1_130' title='bbox 2282 1728 2383 1807; x_wconf 89' lang='grc'>18,</span> <span class='ocrx_word' id='word_1_131' title='bbox 2432 1728 2473 1793; x_wconf 89' lang='grc'><strong>5</strong></span> <span class='ocrx_word' id='word_1_132' title='bbox 2520 1740 2627 1795; x_wconf 81' lang='grc' dir='ltr'>τοῦ</span> <span class='ocrx_word' id='word_1_133' title='bbox 2675 1752 2927 1815; x_wconf 85' lang='grc' dir='ltr'>πρακτι-</span> 
     </span>
     <span class='ocr_line' id='line_1_14' title="bbox 586 1833 2927 1922; baseline 0.001 -23"><span class='ocrx_word' id='word_1_134' title='bbox 586 1846 701 1899; x_wconf 81' lang='grc' dir='ltr'>κοῦ</span> <span class='ocrx_word' id='word_1_135' title='bbox 761 1847 979 1920; x_wconf 84' lang='grc' dir='ltr'>κρατεῖ</span> <span class='ocrx_word' id='word_1_136' title='bbox 1031 1840 1102 1901; x_wconf 83' lang='grc' dir='ltr'>τὸ</span> <span class='ocrx_word' id='word_1_137' title='bbox 1163 1840 1459 1921; x_wconf 81' lang='grc' dir='ltr'>μυθικὸν,</span> <span class='ocrx_word' id='word_1_138' title='bbox 1530 1835 1630 1910; x_wconf 92' lang='grc'>18,</span> <span class='ocrx_word' id='word_1_139' title='bbox 1682 1833 1767 1897; x_wconf 91' lang='grc'><strong>20</strong></span> <span class='ocrx_word' id='word_1_140' title='bbox 1828 1847 1977 1901; x_wconf 81' lang='grc' dir='ltr'>πᾶσι</span> <span class='ocrx_word' id='word_1_141' title='bbox 2038 1845 2161 1911; x_wconf 83' lang='grc' dir='ltr'>τοῖς</span> <span class='ocrx_word' id='word_1_142' title='bbox 2221 1837 2536 1922; x_wconf 80' lang='grc' dir='ltr'>πράγμασι</span> <span class='ocrx_word' id='word_1_143' title='bbox 2584 1838 2927 1922; x_wconf 88' lang='grc' dir='ltr'>συνεδρεύει</span> 
     </span>
     <span class='ocr_line' id='line_1_15' title="bbox 587 1942 2929 2030; baseline 0.001 -25"><span class='ocrx_word' id='word_1_144' title='bbox 587 1945 720 2006; x_wconf 81' lang='grc' dir='ltr'>τινὰ</span> <span class='ocrx_word' id='word_1_145' title='bbox 767 1943 979 2027; x_wconf 79' lang='grc' dir='ltr'>μόρια,</span> <span class='ocrx_word' id='word_1_146' title='bbox 1042 1942 1142 2017; x_wconf 91' lang='grc'>19,</span> <span class='ocrx_word' id='word_1_147' title='bbox 1193 1942 1232 2004; x_wconf 88' lang='grc'>6</span> <span class='ocrx_word' id='word_1_148' title='bbox 1289 1946 1366 2006; x_wconf 83' lang='grc' dir='ltr'>τὰ</span> <span class='ocrx_word' id='word_1_149' title='bbox 1411 1946 1576 2027; x_wconf 81' lang='grc' dir='ltr'>ἄκρα</span> <span class='ocrx_word' id='word_1_150' title='bbox 1629 1945 1831 2007; x_wconf 83' lang='grc' dir='ltr'>αὐτῶν</span> <span class='ocrx_word' id='word_1_151' title='bbox 1878 1946 1983 2006; x_wconf 80' lang='grc' dir='ltr'>καὶ</span> <span class='ocrx_word' id='word_1_152' title='bbox 2030 1944 2484 2029; x_wconf 77' lang='grc' dir='ltr'>ὑπερτεταμένα</span> <span class='ocrx_word' id='word_1_153' title='bbox 2531 1946 2811 2030; x_wconf 83' lang='grc' dir='ltr'>δεινὴ-</span> <span class='ocrx_word' id='word_1_154' title='bbox 2844 1946 2929 2021; x_wconf 79' lang='grc' dir='ltr'>εἰς</span> 
     </span>
     <span class='ocr_line' id='line_1_16' title="bbox 587 2047 2929 2135; baseline 0.001 -23"><span class='ocrx_word' id='word_1_155' title='bbox 587 2050 833 2135; x_wconf 80' lang='grc' dir='ltr'>ἄλληλα</span> <span class='ocrx_word' id='word_1_156' title='bbox 891 2052 1221 2135; x_wconf 84' lang='grc' dir='ltr'>συνδῆσαι,</span> <span class='ocrx_word' id='word_1_157' title='bbox 1293 2049 1400 2128; x_wconf 91' lang='grc'>22,</span> <span class='ocrx_word' id='word_1_158' title='bbox 1467 2049 1548 2112; x_wconf 88' lang='grc'>14</span> <span class='ocrx_word' id='word_1_159' title='bbox 1616 2047 1919 2134; x_wconf 83' lang='grc' dir='ltr'>[Ἄρατος]</span> <span class='ocrx_word' id='word_1_160' title='bbox 1986 2052 2094 2125; x_wconf 85' lang='grc' dir='ltr'>τὰς</span> <span class='ocrx_word' id='word_1_161' title='bbox 2157 2050 2489 2134; x_wconf 78' lang='grc' dir='ltr'>προθέσεις</span> <span class='ocrx_word' id='word_1_162' title='bbox 2549 2052 2929 2127; x_wconf 78' lang='grc' dir='ltr'>ἀσυνθέτους</span> 
     </span>
     <span class='ocr_line' id='line_1_17' title="bbox 589 2154 2927 2242; baseline 0.001 -23"><span class='ocrx_word' id='word_1_163' title='bbox 589 2160 776 2232; x_wconf 86' lang='grc' dir='ltr'>οὔσας</span> <span class='ocrx_word' id='word_1_164' title='bbox 834 2157 1306 2241; x_wconf 86' lang='grc' dir='ltr'>συναναγκάσας</span> <span class='ocrx_word' id='word_1_165' title='bbox 1366 2159 1536 2241; x_wconf 85' lang='grc' dir='ltr'>παρὰ</span> <span class='ocrx_word' id='word_1_166' title='bbox 1596 2157 1809 2241; x_wconf 91' lang='grc' dir='ltr'>φύσιν,</span> <span class='ocrx_word' id='word_1_167' title='bbox 1870 2154 1976 2230; x_wconf 88' lang='grc'>22,</span> <span class='ocrx_word' id='word_1_168' title='bbox 2030 2154 2111 2217; x_wconf 88' lang='lat'>15</span> <span class='ocrx_word' id='word_1_169' title='bbox 2172 2158 2277 2219; x_wconf 77' lang='grc' dir='ltr'>καὶ</span> <span class='ocrx_word' id='word_1_170' title='bbox 2325 2158 2409 2233; x_wconf 82' lang='grc' dir='ltr'>εἰς</span> <span class='ocrx_word' id='word_1_171' title='bbox 2455 2158 2732 2242; x_wconf 82' lang='grc' dir='ltr'>ἀλλήλας</span> <span class='ocrx_word' id='word_1_172' title='bbox 2779 2180 2927 2242; x_wconf 86' lang='grc' dir='ltr'>συμ·</span> 
     </span>
     <span class='ocr_line' id='line_1_18' title="bbox 588 2262 2927 2349; baseline 0.001 -22"><span class='ocrx_word' id='word_1_173' title='bbox 588 2263 984 2349; x_wconf 89' lang='grc' dir='ltr'>βιασάμενος,</span> <span class='ocrx_word' id='word_1_174' title='bbox 1047 2264 1151 2343; x_wconf 91' lang='grc'>22,</span> <span class='ocrx_word' id='word_1_175' title='bbox 1205 2262 1287 2326; x_wconf 91' lang='grc'>16</span> <span class='ocrx_word' id='word_1_176' title='bbox 1342 2268 1412 2328; x_wconf 82' lang='grc' dir='ltr'>τὸ</span> <span class='ocrx_word' id='word_1_177' title='bbox 1470 2266 1615 2339; x_wconf 80' lang='grc' dir='ltr'>ἔπος</span> <span class='ocrx_word' id='word_1_178' title='bbox 1663 2262 2057 2347; x_wconf 85' lang='grc' dir='ltr'>ἐβασάνισεν,</span> <span class='ocrx_word' id='word_1_179' title='bbox 2121 2262 2225 2342; x_wconf 91' lang='grc'>22,</span> <span class='ocrx_word' id='word_1_180' title='bbox 2279 2262 2360 2327; x_wconf 88' lang='grc'>18</span> <span class='ocrx_word' id='word_1_181' title='bbox 2410 2268 2593 2348; x_wconf 82' lang='grc' dir='ltr'>μόνον</span> <span class='ocrx_word' id='word_1_182' title='bbox 2641 2269 2757 2329; x_wconf 84' lang='grc' dir='ltr'>οὑκ</span> <span class='ocrx_word' id='word_1_183' title='bbox 2803 2266 2927 2329; x_wconf 84' lang='grc' dir='ltr'>ἐνε-</span> 
     </span>
     <span class='ocr_line' id='line_1_19' title="bbox 587 2368 2929 2456; baseline 0 -22"><span class='ocrx_word' id='word_1_184' title='bbox 587 2371 868 2435; x_wconf 89' lang='grc' dir='ltr'>τύπωσεν</span> <span class='ocrx_word' id='word_1_185' title='bbox 913 2382 989 2456; x_wconf 82' lang='grc' dir='ltr'>τῇ</span> <span class='ocrx_word' id='word_1_186' title='bbox 1023 2370 1182 2449; x_wconf 82' lang='grc' dir='ltr'>λέξει</span> <span class='ocrx_word' id='word_1_187' title='bbox 1228 2382 1334 2436; x_wconf 82' lang='grc' dir='ltr'>τοῦ</span> <span class='ocrx_word' id='word_1_188' title='bbox 1383 2372 1664 2437; x_wconf 82' lang='grc' dir='ltr'>κινδύνου</span> <span class='ocrx_word' id='word_1_189' title='bbox 1710 2373 1781 2433; x_wconf 82' lang='grc' dir='ltr'>τὸ</span> <span class='ocrx_word' id='word_1_190' title='bbox 1822 2369 2075 2454; x_wconf 81' lang='grc' dir='ltr'>ἰδίωμα,</span> <span class='ocrx_word' id='word_1_191' title='bbox 2126 2368 2229 2448; x_wconf 87' lang='grc'><strong>23,</strong></span> <span class='ocrx_word' id='word_1_192' title='bbox 2273 2369 2312 2431; x_wconf 93' lang='grc'><strong>8</strong></span> <span class='ocrx_word' id='word_1_193' title='bbox 2361 2372 2929 2455; x_wconf 84' lang='grc' dir='ltr'>ἐπεισκυκλούμενα</span> 
     </span>
     <span class='ocr_line' id='line_1_20' title="bbox 589 2476 2924 2563; baseline -0.001 -22"><span class='ocrx_word' id='word_1_194' title='bbox 589 2477 862 2563; x_wconf 89' lang='grc' dir='ltr'>μεγέθη,</span> <span class='ocrx_word' id='word_1_195' title='bbox 913 2476 1016 2556; x_wconf 91' lang='grc'><strong>24,</strong></span> <span class='ocrx_word' id='word_1_196' title='bbox 1059 2478 1098 2540; x_wconf 92' lang='grc'><strong>2</strong></span> <span class='ocrx_word' id='word_1_197' title='bbox 1145 2479 1328 2563; x_wconf 81' lang='grc' dir='ltr'>λόγος</span> <span class='ocrx_word' id='word_1_198' title='bbox 1377 2478 1643 2563; x_wconf 88' lang='grc' dir='ltr'>μέγεθος</span> <span class='ocrx_word' id='word_1_199' title='bbox 1690 2478 2022 2562; x_wconf 79' lang='grc' dir='ltr'>περιτιθεὶς</span> <span class='ocrx_word' id='word_1_200' title='bbox 2069 2487 2191 2553; x_wconf 78' lang='grc' dir='ltr'>τοῖς</span> <span class='ocrx_word' id='word_1_201' title='bbox 2236 2478 2688 2562; x_wconf 81' lang='grc' dir='ltr'>ὑποκειμένοις,</span> <span class='ocrx_word' id='word_1_202' title='bbox 2738 2477 2842 2552; x_wconf 88' lang='grc'>24,</span> <span class='ocrx_word' id='word_1_203' title='bbox 2884 2477 2924 2539; x_wconf 87' lang='grc'>4</span> 
     </span>
     <span class='ocr_line' id='line_1_21' title="bbox 588 2584 2926 2671; baseline 0 -23"><span class='ocrx_word' id='word_1_204' title='bbox 588 2586 792 2649; x_wconf 81' lang='grc' dir='ltr'>ἐκεῖνα</span> <span class='ocrx_word' id='word_1_205' title='bbox 839 2595 924 2669; x_wconf 82' lang='grc' dir='ltr'>τῷ</span> <span class='ocrx_word' id='word_1_206' title='bbox 964 2586 1132 2671; x_wconf 82' lang='grc' dir='ltr'>λόγῳ</span> <span class='ocrx_word' id='word_1_207' title='bbox 1170 2586 1520 2671; x_wconf 84' lang='grc' dir='ltr'>περιτίθησι</span> <span class='ocrx_word' id='word_1_208' title='bbox 1557 2589 1733 2651; x_wconf 82' lang='grc' dir='ltr'>ποῖόν</span> <span class='ocrx_word' id='word_1_209' title='bbox 1769 2607 1825 2649; x_wconf 94' lang='grc' dir='ltr'>τι</span> <span class='ocrx_word' id='word_1_210' title='bbox 1865 2585 2165 2670; x_wconf 87' lang='grc' dir='ltr'>μέγεθος,</span> <span class='ocrx_word' id='word_1_211' title='bbox 2216 2584 2319 2663; x_wconf 88' lang='grc'>24,</span> <span class='ocrx_word' id='word_1_212' title='bbox 2353 2584 2434 2646; x_wconf 91' lang='grc'>19</span> <span class='ocrx_word' id='word_1_213' title='bbox 2482 2588 2599 2648; x_wconf 85' lang='grc' dir='ltr'>οὑκ</span> <span class='ocrx_word' id='word_1_214' title='bbox 2634 2586 2926 2669; x_wconf 77' lang='grc' dir='ltr'>ἔψυκται,</span> 
     </span>
     <span class='ocr_line' id='line_1_22' title="bbox 587 2689 2927 2778; baseline 0.002 -26"><span class='ocrx_word' id='word_1_215' title='bbox 587 2690 691 2770; x_wconf 87' lang='grc'>24,</span> <span class='ocrx_word' id='word_1_216' title='bbox 747 2691 827 2754; x_wconf 93' lang='grc'>19</span> <span class='ocrx_word' id='word_1_217' title='bbox 875 2696 992 2777; x_wconf 82' lang='grc' dir='ltr'>οὑχ</span> <span class='ocrx_word' id='word_1_218' title='bbox 1039 2696 1232 2769; x_wconf 78' lang='grc' dir='ltr'>οὕτως</span> <span class='ocrx_word' id='word_1_219' title='bbox 1279 2694 1736 2778; x_wconf 86' lang='grc' dir='ltr'>ἀπαστράπτ-ει,</span> <span class='ocrx_word' id='word_1_220' title='bbox 1787 2691 1890 2769; x_wconf 89' lang='grc'>24,</span> <span class='ocrx_word' id='word_1_221' title='bbox 1944 2690 2027 2754; x_wconf 89' lang='grc'><strong>25</strong></span> <span class='ocrx_word' id='word_1_222' title='bbox 2076 2694 2176 2755; x_wconf 83' lang='grc' dir='ltr'>διὰ</span> <span class='ocrx_word' id='word_1_223' title='bbox 2219 2694 2289 2756; x_wconf 80' lang='grc' dir='ltr'>τὸ</span> <span class='ocrx_word' id='word_1_224' title='bbox 2338 2689 2465 2756; x_wconf 77' lang='grc' dir='ltr'>οἷον</span> <span class='ocrx_word' id='word_1_225' title='bbox 2497 2691 2691 2756; x_wconf 87' lang='grc' dir='ltr'>καίειν</span> <span class='ocrx_word' id='word_1_226' title='bbox 2723 2713 2789 2756; x_wconf 92' lang='grc' dir='ltr'>τε</span> <span class='ocrx_word' id='word_1_227' title='bbox 2821 2694 2927 2756; x_wconf 81' lang='grc' dir='ltr'>καὶ</span> 
     </span>
     <span class='ocr_line' id='line_1_23' title="bbox 587 2796 2925 2885; baseline -0.001 -22"><span class='ocrx_word' id='word_1_228' title='bbox 587 2799 977 2883; x_wconf 83' lang='grc' dir='ltr'>διαρπάζειν,</span> <span class='ocrx_word' id='word_1_229' title='bbox 1028 2796 1131 2878; x_wconf 88' lang='grc'><strong>25,</strong></span> <span class='ocrx_word' id='word_1_230' title='bbox 1174 2798 1214 2861; x_wconf 90' lang='grc'>4</span> <span class='ocrx_word' id='word_1_231' title='bbox 1262 2804 1472 2885; x_wconf 85' lang='grc' dir='ltr'>καιρὸς</span> <span class='ocrx_word' id='word_1_232' title='bbox 1510 2810 1616 2863; x_wconf 82' lang='grc' dir='ltr'>τοῦ</span> <span class='ocrx_word' id='word_1_233' title='bbox 1657 2800 2129 2885; x_wconf 84' lang='grc' dir='ltr'>Δημοσθενικοῦ</span> <span class='ocrx_word' id='word_1_234' title='bbox 2170 2798 2690 2883; x_wconf 86' lang='grc' dir='ltr'>ὑπερτεταμένου,</span> <span class='ocrx_word' id='word_1_235' title='bbox 2740 2797 2843 2878; x_wconf 87' lang='grc'><strong>25,</strong></span> <span class='ocrx_word' id='word_1_236' title='bbox 2886 2798 2925 2860; x_wconf 91' lang='grc'>6</span> 
     </span>
     <span class='ocr_line' id='line_1_24' title="bbox 587 2903 2926 2991; baseline 0.001 -22"><span class='ocrx_word' id='word_1_237' title='bbox 587 2909 692 2969; x_wconf 80' lang='grc' dir='ltr'>τὸν</span> <span class='ocrx_word' id='word_1_238' title='bbox 738 2908 1050 2991; x_wconf 86' lang='grc' dir='ltr'>ἀκροατὴν</span> <span class='ocrx_word' id='word_1_239' title='bbox 1075 2944 1162 2950; x_wconf 85' lang='lat'><strong>—</strong></span> <span class='ocrx_word' id='word_1_240' title='bbox 1185 2908 1638 2991; x_wconf 85' lang='grc' dir='ltr'>καταντλῆσαι,</span> <span class='ocrx_word' id='word_1_241' title='bbox 1688 2905 1793 2984; x_wconf 91' lang='grc'>26,</span> <span class='ocrx_word' id='word_1_242' title='bbox 1839 2903 1921 2968; x_wconf 89' lang='grc'>15</span> <span class='ocrx_word' id='word_1_243' title='bbox 1969 2908 2075 2970; x_wconf 79' lang='grc' dir='ltr'>καί</span> <span class='ocrx_word' id='word_1_244' title='bbox 2124 2906 2250 2970; x_wconf 78' lang='grc' dir='ltr'>οὔδ’</span> <span class='ocrx_word' id='word_1_245' title='bbox 2303 2908 2376 2972; x_wconf 85' lang='grc' dir='ltr'>ἂν</span> <span class='ocrx_word' id='word_1_246' title='bbox 2423 2906 2778 2990; x_wconf 83' lang='grc' dir='ltr'>ἐπακμάσαι</span> <span class='ocrx_word' id='word_1_247' title='bbox 2827 2928 2926 2991; x_wconf 91' lang='grc' dir='ltr'>μοι</span> 
     </span>
     <span class='ocr_line' id='line_1_25' title="bbox 587 3012 2927 3098; baseline 0.001 -23"><span class='ocrx_word' id='word_1_248' title='bbox 587 3013 758 3076; x_wconf 87' lang='grc' dir='ltr'>δοκεῖ</span> <span class='ocrx_word' id='word_1_249' title='bbox 815 3014 1154 3098; x_wconf 81' lang='grc' dir='ltr'>τηλικαῦτά</span> <span class='ocrx_word' id='word_1_250' title='bbox 1214 3036 1347 3077; x_wconf 91' lang='grc' dir='ltr'>τινα</span> <span class='ocrx_word' id='word_1_251' title='bbox 1404 3023 1528 3089; x_wconf 83' lang='grc' dir='ltr'>τοῖς</span> <span class='ocrx_word' id='word_1_252' title='bbox 1587 3025 1694 3098; x_wconf 89' lang='grc' dir='ltr'>τῆς</span> <span class='ocrx_word' id='word_1_253' title='bbox 1752 3012 2117 3097; x_wconf 86' lang='grc' dir='ltr'>φιλοσοφίας</span> <span class='ocrx_word' id='word_1_254' title='bbox 2164 3014 2458 3098; x_wconf 78' lang='grc' dir='ltr'>δόγμασι,</span> <span class='ocrx_word' id='word_1_255' title='bbox 2522 3012 2625 3091; x_wconf 89' lang='grc'>26,</span> <span class='ocrx_word' id='word_1_256' title='bbox 2681 3013 2759 3074; x_wconf 88' lang='grc'>17</span> <span class='ocrx_word' id='word_1_257' title='bbox 2822 3016 2927 3077; x_wconf 79' lang='grc' dir='ltr'>’καί</span> 
     </span>
     <span class='ocr_line' id='line_1_26' title="bbox 585 3118 2929 3206; baseline 0.002 -25"><span class='ocrx_word' id='word_1_258' title='bbox 585 3120 672 3194; x_wconf 78' lang='grc' dir='ltr'>εἰς</span> <span class='ocrx_word' id='word_1_259' title='bbox 718 3123 1038 3205; x_wconf 85' lang='grc' dir='ltr'>ποιητικὰς</span> <span class='ocrx_word' id='word_1_260' title='bbox 1084 3122 1235 3196; x_wconf 75' lang='grc' dir='ltr'>ὕλας</span> <span class='ocrx_word' id='word_1_261' title='bbox 1266 3122 1588 3205; x_wconf 80' lang='grc' dir='ltr'>πολλαχοῦ</span> <span class='ocrx_word' id='word_1_262' title='bbox 1637 3120 2006 3205; x_wconf 84' lang='grc' dir='ltr'>συνεμβῆναι</span> <span class='ocrx_word' id='word_1_263' title='bbox 2052 3122 2158 3184; x_wconf 75' lang='grc' dir='ltr'>καὶ</span> <span class='ocrx_word' id='word_1_264' title='bbox 2206 3120 2483 3205; x_wconf 87' lang='grc' dir='ltr'>φράσεις,</span> <span class='ocrx_word' id='word_1_265' title='bbox 2532 3118 2636 3197; x_wconf 88' lang='grc'><strong>28,</strong></span> <span class='ocrx_word' id='word_1_266' title='bbox 2688 3118 2773 3182; x_wconf 89' lang='grc'><strong>20</strong></span> <span class='ocrx_word' id='word_1_267' title='bbox 2819 3124 2929 3206; x_wconf 84' lang='grc' dir='ltr'>τὴν</span> 
     </span>
     <span class='ocr_line' id='line_1_27' title="bbox 589 3227 2926 3312; baseline 0.001 -23"><span class='ocrx_word' id='word_1_268' title='bbox 589 3228 770 3302; x_wconf 83' lang='grc' dir='ltr'>αὐτὸς</span> <span class='ocrx_word' id='word_1_269' title='bbox 816 3228 1003 3290; x_wconf 79' lang='grc' dir='ltr'>αὑτοῦ</span> <span class='ocrx_word' id='word_1_270' title='bbox 1052 3228 1231 3311; x_wconf 89' lang='grc' dir='ltr'>φύσιν</span> <span class='ocrx_word' id='word_1_271' title='bbox 1293 3228 1357 3292; x_wconf 86' lang='grc' dir='ltr'>ἐν</span> <span class='ocrx_word' id='word_1_272' title='bbox 1412 3228 1663 3302; x_wconf 82' lang='grc' dir='ltr'>πολλοῖς</span> <span class='ocrx_word' id='word_1_273' title='bbox 1714 3227 2010 3311; x_wconf 89' lang='grc' dir='ltr'>γενέσθαι</span> <span class='ocrx_word' id='word_1_274' title='bbox 2061 3230 2356 3311; x_wconf 81' lang='grc' dir='ltr'>τραγικὴν</span> <span class='ocrx_word' id='word_1_275' title='bbox 2393 3228 2926 3312; x_wconf 88' lang='grc' dir='ltr'>προσηνάγκασεν.</span> 
     </span>
     <span class='ocr_line' id='line_1_28' title="bbox 589 3330 2929 3419; baseline 0.003 -26"><span class='ocrx_word' id='word_1_276' title='bbox 589 3330 693 3411; x_wconf 92' lang='grc'><strong>29,</strong></span> <span class='ocrx_word' id='word_1_277' title='bbox 739 3331 818 3394; x_wconf 87' lang='grc'>17</span> <span class='ocrx_word' id='word_1_278' title='bbox 866 3344 972 3397; x_wconf 82' lang='grc' dir='ltr'>τοῦ</span> <span class='ocrx_word' id='word_1_279' title='bbox 1021 3331 1073 3397; x_wconf 77' lang='grc' dir='ltr'>δ’</span> <span class='ocrx_word' id='word_1_280' title='bbox 1103 3333 1422 3419; x_wconf 82' lang='grc' dir='ltr'>Αἰσχύλου</span> <span class='ocrx_word' id='word_1_281' title='bbox 1469 3333 1828 3417; x_wconf 86' lang='grc' dir='ltr'>φαντασίαις</span> <span class='ocrx_word' id='word_1_282' title='bbox 1874 3334 2347 3419; x_wconf 84' lang='grc' dir='ltr'>ἐπιτολμῶντος,</span> <span class='ocrx_word' id='word_1_283' title='bbox 2397 3332 2501 3412; x_wconf 91' lang='grc'><strong>29,</strong></span> <span class='ocrx_word' id='word_1_284' title='bbox 2538 3332 2623 3396; x_wconf 89' lang='grc'><strong>25</strong></span> <span class='ocrx_word' id='word_1_285' title='bbox 2671 3335 2704 3397; x_wconf 83' lang='grc' dir='ltr'>ὁ</span> <span class='ocrx_word' id='word_1_286' title='bbox 2750 3335 2929 3419; x_wconf 81' lang='grc' dir='ltr'>Εὐρι-</span> 
     </span>
    </p>
   </div>
   <div class='ocr_carea' id='block_1_3' title="bbox 587 3460 1011 3467">
    <p class='ocr_par' dir='ltr' id='par_1_3' title="bbox 587 3460 1011 3467">
     <span class='ocr_line' id='line_1_29' title="bbox 587 3460 1011 3467; baseline 0 0"><span class='ocrx_word' id='word_1_287' title='bbox 587 3460 1011 3467; x_wconf 95' lang='lat' dir='ltr'> </span> 
     </span>
    </p>
   </div>
   <div class='ocr_carea' id='block_1_4' title="bbox 586 3524 2931 4475">
    <p class='ocr_par' dir='ltr' id='par_1_4' title="bbox 586 3524 2931 4475">
     <span class='ocr_line' id='line_1_30' title="bbox 587 3524 2929 3597; baseline 0 -18"><span class='ocrx_word' id='word_1_288' title='bbox 587 3524 759 3579; x_wconf 90' lang='lat' dir='ltr'>medio</span> <span class='ocrx_word' id='word_1_289' title='bbox 796 3543 993 3595; x_wconf 80' lang='lat' dir='ltr'>genere</span> <span class='ocrx_word' id='word_1_290' title='bbox 1026 3527 1176 3580; x_wconf 85' lang='lat' dir='ltr'>verbi</span> <span class='ocrx_word' id='word_1_291' title='bbox 1212 3543 1357 3596; x_wconf 70' lang='grc'><strong>118115,</strong></span> <span class='ocrx_word' id='word_1_292' title='bbox 1393 3528 1452 3580; x_wconf 86' lang='grc'>111</span> <span class='ocrx_word' id='word_1_293' title='bbox 1474 3528 1876 3597; x_wconf 82' lang='lat' dir='ltr'>Agamemnone</span> <span class='ocrx_word' id='word_1_294' title='bbox 1914 3526 2097 3595; x_wconf 89' lang='lat'>(1147)</span> <span class='ocrx_word' id='word_1_295' title='bbox 2134 3530 2473 3595; x_wconf 84' lang='grc' dir='ltr'>περιβάλοντὸ</span> <span class='ocrx_word' id='word_1_296' title='bbox 2514 3532 2563 3580; x_wconf 84' lang='grc' dir='ltr'>οἱ</span> <span class='ocrx_word' id='word_1_297' title='bbox 2602 3529 2688 3595; x_wconf 82' lang='grc' dir='ltr'>(τῆ</span> <span class='ocrx_word' id='word_1_298' title='bbox 2728 3529 2929 3597; x_wconf 76' lang='grc' dir='ltr'>ἀηδόνι)</span> 
     </span>
     <span class='ocr_line' id='line_1_31' title="bbox 586 3616 2931 3684; baseline 0.001 -17"><span class='ocrx_word' id='word_1_299' title='bbox 586 3620 908 3682; x_wconf 81' lang='grc' dir='ltr'>πτεροφόρον</span> <span class='ocrx_word' id='word_1_300' title='bbox 946 3620 1103 3683; x_wconf 77' lang='grc' dir='ltr'>δέμας</span> <span class='ocrx_word' id='word_1_301' title='bbox 1127 3619 1263 3669; x_wconf 84' lang='grc' dir='ltr'>θεοί.</span> <span class='ocrx_word' id='word_1_302' title='bbox 1319 3617 1513 3683; x_wconf 89' lang='lat' dir='ltr'>Itaque</span> <span class='ocrx_word' id='word_1_303' title='bbox 1551 3621 1615 3670; x_wconf 91' lang='lat' dir='ltr'>ut</span> <span class='ocrx_word' id='word_1_304' title='bbox 1651 3616 1849 3683; x_wconf 85' lang='lat' dir='ltr'>aliquis</span> <span class='ocrx_word' id='word_1_305' title='bbox 1876 3622 2081 3670; x_wconf 85' lang='lat' dir='ltr'>vestem</span> <span class='ocrx_word' id='word_1_306' title='bbox 2118 3616 2340 3670; x_wconf 88' lang='lat' dir='ltr'>induere</span> <span class='ocrx_word' id='word_1_307' title='bbox 2377 3617 2462 3670; x_wconf 85' lang='lat' dir='ltr'>vel</span> <span class='ocrx_word' id='word_1_308' title='bbox 2502 3648 2567 3655; x_wconf 91' lang='lat'>-—</span> <span class='ocrx_word' id='word_1_309' title='bbox 2608 3632 2931 3684; x_wconf 88' lang='lat' dir='ltr'>quamquam</span> 
     </span>
     <span class='ocr_line' id='line_1_32' title="bbox 588 3705 2930 3774; baseline 0 -16"><span class='ocrx_word' id='word_1_310' title='bbox 588 3722 770 3759; x_wconf 88' lang='lat' dir='ltr'>rarum</span> <span class='ocrx_word' id='word_1_311' title='bbox 806 3712 912 3759; x_wconf 86' lang='lat' dir='ltr'>est·</span> <span class='ocrx_word' id='word_1_312' title='bbox 939 3736 1003 3743; x_wconf 94' lang='lat'>--</span> <span class='ocrx_word' id='word_1_313' title='bbox 1053 3705 1156 3759; x_wconf 83' lang='lat' dir='ltr'>sibi</span> <span class='ocrx_word' id='word_1_314' title='bbox 1193 3706 1416 3759; x_wconf 88' lang='lat' dir='ltr'>induere</span> <span class='ocrx_word' id='word_1_315' title='bbox 1453 3705 1669 3774; x_wconf 86' lang='lat' dir='ltr'>dicitur,</span> <span class='ocrx_word' id='word_1_316' title='bbox 1707 3705 1789 3759; x_wconf 84' lang='lat' dir='ltr'>ita</span> <span class='ocrx_word' id='word_1_317' title='bbox 1825 3705 1924 3758; x_wconf 90' lang='lat' dir='ltr'>hoc</span> <span class='ocrx_word' id='word_1_318' title='bbox 1961 3706 2075 3759; x_wconf 91' lang='lat' dir='ltr'>loco</span> <span class='ocrx_word' id='word_1_319' title='bbox 2112 3722 2207 3773; x_wconf 87' lang='lat' dir='ltr'>per</span> <span class='ocrx_word' id='word_1_320' title='bbox 2244 3706 2655 3759; x_wconf 77' lang='lat' dir='ltr'>translationem</span> <span class='ocrx_word' id='word_1_321' title='bbox 2693 3706 2930 3759; x_wconf 79' lang='lat' dir='ltr'>oratores</span> 
     </span>
     <span class='ocr_line' id='line_1_33' title="bbox 586 3794 2928 3862; baseline -0 -15"><span class='ocrx_word' id='word_1_322' title='bbox 586 3794 761 3848; x_wconf 88' lang='lat' dir='ltr'>famae</span> <span class='ocrx_word' id='word_1_323' title='bbox 808 3812 936 3849; x_wconf 86' lang='lat' dir='ltr'>suae</span> <span class='ocrx_word' id='word_1_324' title='bbox 986 3794 1367 3850; x_wconf 85' lang='lat' dir='ltr'>aeternitatem</span> <span class='ocrx_word' id='word_1_325' title='bbox 1412 3794 1632 3849; x_wconf 89' lang='lat' dir='ltr'>induere</span> <span class='ocrx_word' id='word_1_326' title='bbox 1670 3796 1757 3849; x_wconf 87' lang='lat' dir='ltr'>vel</span> <span class='ocrx_word' id='word_1_327' title='bbox 1805 3826 1872 3833; x_wconf 91' lang='lat'>—</span> <span class='ocrx_word' id='word_1_328' title='bbox 1912 3796 2052 3862; x_wconf 89' lang='lat' dir='ltr'>quod</span> <span class='ocrx_word' id='word_1_329' title='bbox 2097 3794 2315 3862; x_wconf 87' lang='lat' dir='ltr'>propius</span> <span class='ocrx_word' id='word_1_330' title='bbox 2366 3796 2432 3847; x_wconf 86' lang='lat' dir='ltr'>ad</span> <span class='ocrx_word' id='word_1_331' title='bbox 2471 3796 2734 3848; x_wconf 85' lang='lat' dir='ltr'>Graecum</span> <span class='ocrx_word' id='word_1_332' title='bbox 2776 3810 2928 3846; x_wconf 85' lang='lat' dir='ltr'>voca-</span> 
     </span>
     <span class='ocr_line' id='line_1_34' title="bbox 587 3882 2931 3951; baseline 0 -14"><span class='ocrx_word' id='word_1_333' title='bbox 587 3884 773 3937; x_wconf 90' lang='lat' dir='ltr'>bulum</span> <span class='ocrx_word' id='word_1_334' title='bbox 829 3885 1038 3939; x_wconf 86' lang='lat' dir='ltr'>accedit</span> <span class='ocrx_word' id='word_1_335' title='bbox 1092 3915 1156 3923; x_wconf 94' lang='lat'><em>—</em></span> <span class='ocrx_word' id='word_1_336' title='bbox 1215 3884 1543 3937; x_wconf 87' lang='lat' dir='ltr'>circumdare</span> <span class='ocrx_word' id='word_1_337' title='bbox 1599 3884 1873 3938; x_wconf 86' lang='lat' dir='ltr'>dicuntur.</span> <span class='ocrx_word' id='word_1_338' title='bbox 1986 3884 2135 3951; x_wconf 80' lang='lat' dir='ltr'>Quod</span> <span class='ocrx_word' id='word_1_339' title='bbox 2190 3882 2554 3937; x_wconf 85' lang='lat' dir='ltr'>circumdandi</span> <span class='ocrx_word' id='word_1_340' title='bbox 2609 3883 2931 3937; x_wconf 86' lang='lat' dir='ltr'>vocabulum</span> 
     </span>
     <span class='ocr_line' id='line_1_35' title="bbox 588 3970 2931 4042; baseline -0 -15"><span class='ocrx_word' id='word_1_341' title='bbox 588 3974 863 4027; x_wconf 84' lang='lat' dir='ltr'>adamavit</span> <span class='ocrx_word' id='word_1_342' title='bbox 899 3974 1139 4040; x_wconf 81' lang='lat' dir='ltr'>TacituS‚</span> <span class='ocrx_word' id='word_1_343' title='bbox 1178 3974 1272 4041; x_wconf 91' lang='lat' dir='ltr'>qui</span> <span class='ocrx_word' id='word_1_344' title='bbox 1310 3974 1484 4028; x_wconf 78' lang='lat' dir='ltr'>tribus</span> <span class='ocrx_word' id='word_1_345' title='bbox 1520 3973 1650 4026; x_wconf 82' lang='lat' dir='ltr'>locis</span> <span class='ocrx_word' id='word_1_346' title='bbox 1687 3973 1865 4027; x_wconf 86' lang='lat' dir='ltr'>famae</span> <span class='ocrx_word' id='word_1_347' title='bbox 1902 3974 2176 4027; x_wconf 83' lang='lat' dir='ltr'>notionem</span> <span class='ocrx_word' id='word_1_348' title='bbox 2214 3988 2332 4027; x_wconf 91' lang='lat' dir='ltr'>cum</span> <span class='ocrx_word' id='word_1_349' title='bbox 2360 3989 2419 4025; x_wconf 90' lang='lat' dir='ltr'>eo</span> <span class='ocrx_word' id='word_1_350' title='bbox 2458 3970 2759 4042; x_wconf 85' lang='lat' dir='ltr'>coniungit,</span> <span class='ocrx_word' id='word_1_351' title='bbox 2799 3990 2931 4040; x_wconf 75' lang='lat' dir='ltr'>quos</span> 
     </span>
     <span class='ocr_line' id='line_1_36' title="bbox 588 4062 2929 4133; baseline 0.001 -18"><span class='ocrx_word' id='word_1_352' title='bbox 588 4063 729 4117; x_wconf 83' lang='lat' dir='ltr'>locos</span> <span class='ocrx_word' id='word_1_353' title='bbox 784 4064 909 4117; x_wconf 90' lang='lat' dir='ltr'>huic</span> <span class='ocrx_word' id='word_1_354' title='bbox 965 4064 1030 4117; x_wconf 86' lang='lat' dir='ltr'>de</span> <span class='ocrx_word' id='word_1_355' title='bbox 1087 4080 1190 4130; x_wconf 90' lang='lat' dir='ltr'>quo</span> <span class='ocrx_word' id='word_1_356' title='bbox 1245 4063 1458 4133; x_wconf 84' lang='lat' dir='ltr'>agimus</span> <span class='ocrx_word' id='word_1_357' title='bbox 1512 4063 1715 4116; x_wconf 78' lang='lat' dir='ltr'>similes</span> <span class='ocrx_word' id='word_1_358' title='bbox 1754 4079 1866 4117; x_wconf 80' lang='lat' dir='ltr'>esse</span> <span class='ocrx_word' id='word_1_359' title='bbox 1906 4062 2096 4132; x_wconf 87' lang='lat' dir='ltr'>negari</span> <span class='ocrx_word' id='word_1_360' title='bbox 2134 4062 2340 4129; x_wconf 87' lang='lat' dir='ltr'>nequit.</span> <span class='ocrx_word' id='word_1_361' title='bbox 2417 4063 2586 4117; x_wconf 81' lang='lat' dir='ltr'>Velut</span> <span class='ocrx_word' id='word_1_362' title='bbox 2622 4062 2827 4133; x_wconf 77' lang='lat' dir='ltr'>dialogi</span> <span class='ocrx_word' id='word_1_363' title='bbox 2865 4063 2929 4117; x_wconf 91' lang='lat' dir='ltr'>de</span> 
     </span>
     <span class='ocr_line' id='line_1_37' title="bbox 589 4152 2930 4221; baseline 0 -16"><span class='ocrx_word' id='word_1_364' title='bbox 589 4152 888 4207; x_wconf 82' lang='lat' dir='ltr'>oratoribus</span> <span class='ocrx_word' id='word_1_365' title='bbox 937 4153 1113 4221; x_wconf 86' lang='lat' dir='ltr'>capite</span> <span class='ocrx_word' id='word_1_366' title='bbox 1152 4154 1247 4207; x_wconf 88' lang='lat'>37:</span> <span class='ocrx_word' id='word_1_367' title='bbox 1323 4152 1578 4220; x_wconf 78' lang='lat' dir='ltr'>Catilina,</span> <span class='ocrx_word' id='word_1_368' title='bbox 1617 4152 1815 4221; x_wconf 86' lang='lat' dir='ltr'>inquit,</span> <span class='ocrx_word' id='word_1_369' title='bbox 1856 4158 1911 4206; x_wconf 85' lang='lat' dir='ltr'>et</span> <span class='ocrx_word' id='word_1_370' title='bbox 1948 4152 2077 4205; x_wconf 89' lang='lat' dir='ltr'>Milo</span> <span class='ocrx_word' id='word_1_371' title='bbox 2115 4159 2172 4206; x_wconf 87' lang='lat' dir='ltr'>et</span> <span class='ocrx_word' id='word_1_372' title='bbox 2210 4152 2405 4205; x_wconf 83' lang='lat' dir='ltr'>Verres</span> <span class='ocrx_word' id='word_1_373' title='bbox 2442 4160 2499 4205; x_wconf 88' lang='lat' dir='ltr'>et</span> <span class='ocrx_word' id='word_1_374' title='bbox 2537 4152 2807 4206; x_wconf 86' lang='lat' dir='ltr'>Antonius</span> <span class='ocrx_word' id='word_1_375' title='bbox 2846 4152 2930 4205; x_wconf 92' lang='lat' dir='ltr'>illi</span> 
     </span>
     <span class='ocr_line' id='line_1_38' title="bbox 590 4240 2929 4312; baseline -0 -16"><span class='ocrx_word' id='word_1_376' title='bbox 590 4244 680 4312; x_wconf 82' lang='lat' dir='ltr'>[sc.</span> <span class='ocrx_word' id='word_1_377' title='bbox 720 4242 983 4311; x_wconf 82' lang='lat' dir='ltr'>Ciceroni]</span> <span class='ocrx_word' id='word_1_378' title='bbox 1023 4242 1224 4295; x_wconf 88' lang='lat' dir='ltr'>famam</span> <span class='ocrx_word' id='word_1_379' title='bbox 1262 4241 1746 4310; x_wconf 82' lang='lat' dir='ltr'>circumdederunt,</span> <span class='ocrx_word' id='word_1_380' title='bbox 1785 4241 1871 4293; x_wconf 87' lang='lat' dir='ltr'>vel</span> <span class='ocrx_word' id='word_1_381' title='bbox 1891 4240 2075 4310; x_wconf 88' lang='lat' dir='ltr'>Agric.</span> <span class='ocrx_word' id='word_1_382' title='bbox 2115 4240 2211 4295; x_wconf 84' lang='grc' dir='ltr'><strong>2οε</strong></span> <span class='ocrx_word' id='word_1_383' title='bbox 2252 4241 2532 4310; x_wconf 88' lang='lat' dir='ltr'>egregiam</span> <span class='ocrx_word' id='word_1_384' title='bbox 2570 4241 2771 4294; x_wconf 86' lang='lat' dir='ltr'>famam</span> <span class='ocrx_word' id='word_1_385' title='bbox 2808 4242 2929 4309; x_wconf 87' lang='lat' dir='ltr'>paci</span> 
     </span>
     <span class='ocr_line' id='line_1_39' title="bbox 587 4329 2927 4397; baseline -0 -12"><span class='ocrx_word' id='word_1_386' title='bbox 587 4332 938 4385; x_wconf 84' lang='lat' dir='ltr'>circumdedit</span> <span class='ocrx_word' id='word_1_387' title='bbox 963 4331 1048 4384; x_wconf 85' lang='lat' dir='ltr'>vel</span> <span class='ocrx_word' id='word_1_388' title='bbox 1074 4331 1214 4384; x_wconf 81' lang='lat' dir='ltr'>Hist.</span> <span class='ocrx_word' id='word_1_389' title='bbox 1243 4331 1391 4397; x_wconf 81' lang='lat'>4,11:</span> <span class='ocrx_word' id='word_1_390' title='bbox 1431 4335 1692 4397; x_wconf 82' lang='lat' dir='ltr'>erantque</span> <span class='ocrx_word' id='word_1_391' title='bbox 1722 4360 1786 4369; x_wconf 93' lang='lat'>-—</span> <span class='ocrx_word' id='word_1_392' title='bbox 1818 4358 1881 4368; x_wconf 89' lang='lat'>—</span> <span class='ocrx_word' id='word_1_393' title='bbox 1910 4329 2002 4396; x_wconf 89' lang='lat' dir='ltr'>qui</span> <span class='ocrx_word' id='word_1_394' title='bbox 2028 4330 2362 4397; x_wconf 81' lang='lat' dir='ltr'>principatus</span> <span class='ocrx_word' id='word_1_395' title='bbox 2400 4329 2614 4383; x_wconf 85' lang='lat' dir='ltr'>inanem</span> <span class='ocrx_word' id='word_1_396' title='bbox 2652 4330 2703 4383; x_wconf 91' lang='lat' dir='ltr'>ei</span> <span class='ocrx_word' id='word_1_397' title='bbox 2728 4329 2927 4384; x_wconf 79' lang='lat' dir='ltr'>famam</span> 
     </span>
     <span class='ocr_line' id='line_1_40' title="bbox 588 4421 997 4475; baseline 0.005 -2"><span class='ocrx_word' id='word_1_398' title='bbox 588 4421 997 4475; x_wconf 82' lang='lat' dir='ltr'>circumdarent.</span> 
     </span>
    </p>
   </div>
   <div class='ocr_carea' id='block_1_5' title="bbox 3389 421 3397 804">
    <p class='ocr_par' dir='ltr' id='par_1_5' title="bbox 3389 421 3397 804">
     <span class='ocr_line' id='line_1_41' title="bbox 3389 421 3397 804; baseline 0 4255"><span class='ocrx_word' id='word_1_399' title='bbox 3389 421 3397 804; x_wconf 95' lang='lat' dir='ltr'> </span> 
     </span>
    </p>
   </div>
   <div class='ocr_carea' id='block_1_6' title="bbox 3397 929 3409 1329">
    <p class='ocr_par' dir='ltr' id='par_1_6' title="bbox 3397 929 3409 1329">
     <span class='ocr_line' id='line_1_42' title="bbox 3397 929 3409 1329; baseline 0 3730"><span class='ocrx_word' id='word_1_400' title='bbox 3397 929 3409 1329; x_wconf 95' lang='lat' dir='ltr'> </span> 
     </span>
    </p>
   </div>
  </div>
 </body>
</html>
