3417 5059
573 510 680 590 sit,
730 511 925 592 plane
971 509 1375 577 contrarium
1423 516 1541 577 est.
1618 510 1784 577 Eius
1830 511 2082 593 figurae
2128 529 2317 575 usum
2365 512 2539 591 apud
2588 517 2922 579 auctorem

573 617 835 684 dimidio
905 617 1047 683 fere
1101 618 1314 684 minus
1374 616 1788 698 frequentem
1843 636 1989 684 esse
2045 637 2177 683 non
2234 606 2561 701 miramur,
2639 638 2784 684 cum
2840 622 2921 685 de

573 745 652 791 ea
698 726 912 808 figura
960 724 1119 790 nihil
1165 724 1686 806 praescripserit,
1751 724 1941 789 immo
2005 744 2315 805 spernere
2373 743 2443 790 se
2490 744 2634 791 eam
2681 726 2920 792 dixerit

572 852 634 913 Ρ.
670 834 776 913 36,
829 833 932 914 24,
997 831 1108 896 ubi
1166 833 1373 899 Verba
1416 834 1708 919 ,πρόσθες
1764 838 1905 910 τοὺς
1960 834 2335 919 συνδέσμους
2380 871 2469 879 -
2516 836 2599 912 ὡς
2645 848 2920 901 ποιοῦσιν

574 942 629 1006 οἱ
688 939 1088 1025 Ἰσοκράτειοι
1159 956 1306 1003 cum
1367 938 1683 1019 despectu
1745 938 1966 1019 posita
2026 945 2199 1004 sunt.
2321 940 2551 1023 Longe
2624 941 2920 1021 plurimis

573 1051 794 1111 autem
841 1064 922 1110 ex
952 1044 1081 1111 illis
1111 1044 1274 1111 locis
1308 1045 1569 1128 singula
1599 1046 1805 1112 verba
1835 1050 1941 1112 καὶ
1980 1045 2309 1127 particula
2339 1046 2514 1112 inter
2546 1066 2615 1113 se
2648 1048 2918 1113 coniun-

573 1158 838 1235 guntur,
875 1171 1020 1218 cum
1050 1156 1090 1239 ἢ
1123 1153 1452 1234 particula
1482 1152 1584 1219 bis
1615 1158 1877 1217 tantum
1907 1171 1984 1218 eo
2016 1172 2283 1219 munere
2316 1154 2650 1238 fungatur.
2718 1156 2917 1221 Velut

573 1260 826 1326 duobus
886 1259 1048 1326 locis
1111 1266 1304 1326 terna
1365 1260 1791 1326 substantiva
1852 1260 1951 1325 ita
2010 1265 2116 1326 καὶ
2179 1260 2507 1340 particula
2567 1262 2920 1327 coniuncta

573 1374 748 1452 sunt,
805 1374 880 1433 ut
927 1368 1256 1449 particula
1302 1374 1454 1449 post
1501 1368 1781 1448 primum
1828 1373 1894 1432 et
1943 1368 2222 1433 alterum
2269 1367 2662 1435 inveniatur.
2754 1371 2922 1435 Nam

573 1476 747 1555 quod
803 1476 863 1555 9,
926 1476 1006 1539 12
1067 1478 1341 1542 τοιοῦτόν
1406 1499 1537 1553 πως
1593 1480 1698 1540 καί
1756 1477 1818 1540 αἱ
1876 1478 2207 1563 μεταβολαὶ
2264 1481 2370 1543 καί
2427 1480 2759 1564 ὑπερβολαὶ
2815 1482 2921 1543 καί

570 1588 648 1649 τὰ
693 1584 1091 1669 πληθυντικά
1137 1587 1294 1647 ante
1340 1584 1402 1648 αἱ
1441 1584 1774 1668 μεταβολαὶ
1820 1587 1924 1648 καὶ
1970 1582 2298 1663 particula
2346 1589 2587 1665 exstat,
2640 1585 2723 1648 ad
2772 1602 2921 1650 sen-

573 1688 852 1753 tentiam
900 1708 1046 1755 cum
1080 1708 1159 1753 ea
1190 1708 1359 1770 quae
1392 1688 1727 1754 antecedit
1760 1688 2282 1772 coniungendam
2316 1690 2539 1757 servit.
2620 1691 2921 1755 Alterum

574 1796 940 1877 exemplum
978 1798 1085 1875 38,
1120 1787 1205 1861 26
1245 1801 1376 1861 est:
1425 1798 1504 1861 τά
1539 1820 1613 1882 γε
1652 1802 1771 1882 μὴν
1803 1800 2179 1863 πολύπτωτα
2216 1800 2539 1884 λεγόμενα,
2589 1802 2921 1885 ἀθροισμοί

571 1909 676 1971 καὶ
738 1906 1070 1991 μεταβολαὶ
1129 1908 1235 1969 καὶ
1282 1904 1600 1990 κλίμακες.
1695 1904 1801 1984 24,
1861 1903 1922 1985 3,
1981 1903 2092 1968 ubi
2150 1904 2281 1968 tria
2338 1904 2760 1971 substantiva
2814 1910 2920 1971 καὶ

573 2011 903 2093 particula
962 2009 1470 2093 coniunguntur,
1535 2008 1843 2075 dubitare
1888 2030 2254 2092 possumus,
2319 2016 2537 2075 utrum
2596 2011 2757 2076 illud
2814 2017 2920 2078 καί

574 2118 748 2201 quod
795 2124 953 2183 ante
986 2117 1262 2199 primum
1310 2116 1803 2185 substantivum
1850 2123 1973 2194 est,
2025 2121 2323 2198 ,quoque‘
2373 2118 2739 2199 particulae
2787 2118 2920 2202 sig-

573 2225 1018 2291 nificationem
1063 2226 1308 2289 habeat
1340 2262 1426 2269 —
1459 2243 1628 2305 quae
1675 2224 1935 2304 quidem
1982 2224 2335 2305 explicatio
2383 2225 2539 2291 mihi
2584 2227 2803 2307 placet
2834 2265 2923 2272 —

574 2353 660 2399 an
707 2332 945 2399 ceteris
979 2332 1232 2397 duabus
1280 2336 1385 2398 καὶ
1433 2330 1779 2412 particulis
1826 2333 2242 2413 respondeat.
2323 2333 2449 2398 Sed
2497 2338 2648 2398 utut
2694 2352 2801 2398 res
2850 2352 2921 2399 se

575 2442 796 2519 habet,
855 2439 1342 2522 polysyndeton
1404 2441 1829 2505 statuendum
1877 2445 2009 2505 est:
2084 2442 2332 2507 δύναται
2386 2443 2506 2527 γάρ
2554 2444 2767 2528 ἀμέλει
2814 2446 2920 2507 καί

577 2553 769 2635 ὕψους
829 2552 934 2613 καί
981 2550 1229 2625 πάθους
1275 2551 1381 2612 καί
1427 2550 1672 2633 τρόπων
1721 2548 1869 2615 εἶναι
1918 2553 2119 2625 κοινὸς
2167 2549 2341 2627 οὗτος
2390 2554 2546 2634 ὅρος.
2639 2549 2921 2614 Psaeter

574 2660 681 2722 καὶ
737 2654 937 2719 etiam
981 2658 1050 2720 τὲ
1097 2652 1426 2734 particula
1473 2659 1707 2720 auctor
1752 2654 1853 2719 his
1900 2654 2060 2719 locis
2109 2674 2267 2720 usus
2315 2661 2450 2722 est:
2522 2657 2583 2735 9,
2634 2656 2676 2719 9
2731 2659 2808 2722 τά
2854 2680 2921 2721 τε

575 2766 781 2849 κάλλη
827 2775 935 2849 τῆς
984 2762 1302 2849 ἑρμηνείας
1348 2766 1453 2827 καί
1485 2766 1563 2827 τὰ
1594 2765 1721 2847 ὕψη
1754 2766 1858 2827 καὶ
1889 2768 2041 2848 πρὸς
2072 2764 2306 2840 τούτοις
2339 2764 2401 2827 αἱ
2431 2763 2664 2848 ἡδοναί.
2746 2763 2851 2840 25,
2879 2764 2920 2825 4

523 2856 538 2867 “
578 2875 642 2936 ἔν
687 2894 755 2935 τε
799 2880 931 2947 ταῖς
992 2870 1306 2935 δεινώσεσι
1353 2872 1459 2934 καί
1506 2880 1630 2947 τοῖς
1677 2872 1966 2955 σφοδροῖς
2012 2870 2247 2935 πάθεσι
2294 2873 2399 2934 καὶ
2448 2873 2607 2935 ἔνθ-α
2652 2874 2749 2936 δεῖ
2790 2889 2920 2949 eqs.

579 2976 682 3057 25,
733 2976 774 3039 6
821 2977 1215 3063 τοπηγορίαις
1260 2999 1328 3041 τε
1373 2981 1492 3062 γὰρ
1532 2980 1637 3041 καὶ
1685 2978 1993 3062 ἐπιλόγοις
2039 2980 2203 3041 κατὰ
2248 2982 2318 3041 τὸ
2355 2978 2544 3043 πλέον
2581 2981 2686 3042 καὶ
2725 3002 2921 3064 παρα-

579 3087 793 3169 βάσεσι
854 3087 960 3148 καί
1019 3094 1147 3160 τοῖς
1207 3094 1564 3169 φραστικοῖς
1626 3087 1817 3149 ἅπασι
1865 3087 1969 3148 καί
2018 3086 2461 3166 ἐπιδεικτικοῖς,
2526 3085 2811 3170 ἱστορίαις
2855 3108 2923 3149 τε

578 3196 683 3257 καὶ
732 3191 1170 3277 φυσιολογίαις,
1220 3194 1325 3256 καὶ
1374 3194 1489 3255 οὐκ
1537 3191 1765 3275 ὀλίγοις
1812 3192 2022 3267 ἄλλοις
2071 3192 2373 3276 ἁρμόδιος.
2454 3190 2559 3271 60,
2598 3192 2677 3253 17
2712 3193 2923 3277 κηλεῖν

577 3322 644 3364 τε
700 3301 852 3384 ὁμοῦ
910 3300 1015 3363 καὶ
1072 3302 1222 3383 πρὸς
1280 3302 1467 3383 ὄγκον
1521 3320 1588 3361 τε
1645 3300 1751 3362 καί
1799 3297 2039 3382 ἀξίωμα
2095 3301 2201 3362 καὶ
2257 3301 2411 3382 ὕψος
2458 3301 2563 3363 καί
2612 3310 2732 3363 πᾶν
2779 3301 2812 3362 ὃ
2860 3300 2923 3362 ἐν

579 3410 736 3491 αὐτῇ
767 3405 1203 3491 περιλαμβάνει
1237 3422 1369 3483 eqS.
1441 3406 1482 3489 ἢ
1531 3408 1751 3467 autem
1797 3402 2190 3483 particulam
2235 3403 2415 3469 hisce
2463 3405 2717 3469 duobus
2761 3403 2923 3468 locis

577 3510 979 3578 invenimus:
1042 3511 1147 3592 37,
1205 3511 1286 3573 10
1336 3512 1418 3588 ὡς
1464 3515 1582 3596 γὰρ
1631 3512 1686 3575 οἱ
1733 3522 1819 3596 τῷ
1871 3516 1993 3576 ὄντι
2050 3514 2428 3597 ὀργιζόμενοι
2475 3516 2514 3597 ἥ
2563 3512 2927 3597 φοβούμενοι

580 3624 622 3705 ἢ
659 3623 1150 3706 ἀγανακτοῦντες
1195 3620 1235 3704 ἢ
1283 3620 1401 3683 ὑπὸ
1435 3619 1807 3704 ζηλοτυπίας
1843 3620 1883 3703 ἢ
1922 3620 2041 3683 ὕπὸ
2072 3620 2267 3683 ἄλλου
2314 3623 2471 3696 τινὸς
2507 3656 2595 3663 --
2632 3620 2929 3683 ἑκάστοτε

581 3727 1071 3813 παραπίπτοντες
1103 3743 1235 3805 eqS.
1309 3724 1414 3801 39,
1450 3725 1533 3789 23
1567 3723 1663 3810 ἐφ’
1712 3724 1799 3791 ὧν
1844 3725 2087 3811 δέχεται
2134 3730 2212 3790 τὰ
2257 3726 2629 3811 ὑποκείμενα
2675 3726 2927 3810 αὔξησιν

581 3838 622 3919 ἢ
661 3836 912 3919 πληθὺν
957 3836 997 3918 ἢ
1045 3834 1389 3918 ὑπερβολὴν
1435 3835 1475 3917 ἢ
1522 3834 1750 3909 πάθος.

762 3938 1056 4004 Tertium
1098 3957 1305 4021 genus
1337 3939 1683 4004 verborum
1717 3938 2073 4020 figurarum
2107 3938 2340 4021 quibus
2373 3942 2707 4003 auctorem
2739 3958 2928 4003 usum

585 4064 732 4112 esse
791 4045 1142 4122 constitu0‚
1213 4044 1367 4109 illae
1429 4049 1585 4109 sunt
1645 4064 1814 4124 quae
1873 4044 1939 4108 in
2002 4046 2410 4110 verborum
2472 4045 2927 4112 inversione

584 4154 823 4219 iacent.
920 4151 1208 4234 Quarum
1270 4151 1438 4216 dnae
1499 4150 1752 4231 species
1812 4150 1967 4215 mihi
2016 4156 2463 4233 occurrerunt,
2527 4152 2741 4217 altera
2786 4157 2925 4217 tra-

583 4258 906 4340 iectionis,
957 4259 1170 4324 altera
1218 4258 1487 4324 chiasmi
1535 4258 1639 4324 vel
1688 4258 2215 4323 commutationis
2263 4258 2492 4341 figura.

768 4366 864 4430 Ac
913 4365 1379 4431 traiectioni
1434 4364 1691 4446 quidem
1748 4367 2093 4429 verborum
2152 4366 2231 4430 de
2280 4385 2409 4446 qua
2457 4365 2561 4432 hic
2608 4366 2926 4447 loquimur
