3417 5059
1543 370 1987 433 —82—

593 585 736 630 eum
774 566 1108 648 pertineat
1144 565 1214 630 in
1253 566 1710 630 dissertatione
1747 584 1915 645 quae
1953 567 2032 630 de
2070 564 2353 629 auctoris
2401 563 2659 629 sublimi
2706 584 2948 646 genere

593 672 847 737 dicendi
895 672 1036 755 agit
1083 672 1430 739 videndum
1479 676 1593 736 est.
1687 672 1897 755 Quam
1935 670 2376 751 quaestionem
2423 690 2565 736 cum
2602 689 2730 736 non
2766 671 2945 753 igno-

594 798 808 844 remus
855 778 1312 861 gravissimam
1363 798 1518 862 esse,
1565 783 1805 860 tamen,
1852 797 1934 843 116
1978 778 2047 842 111
2095 776 2453 859 periculum
2498 777 2752 860 longius
2800 797 2945 859 pro-

593 885 937 968 grediendi
982 904 1098 950 nos
1145 885 1638 968 committamus,
1686 904 1830 949 eam
1878 887 2321 949 tantummodo
2379 884 2825 967 perstringere
2878 885 2946 949 in

594 992 807 1057 animo
854 994 1182 1057 habemus,
1275 992 1590 1059 Peccavit
1635 997 1854 1057 autem
1909 992 2525 1073 Pseudo-Longinus
2581 990 2719 1057 non*
2764 1012 2945 1068 num-

594 1118 787 1179 quam
810 1137 899 1144 —
917 1103 992 1164 ut
1013 1118 1224 1181 pauca
1245 1099 1615 1164 adieramus
1634 1137 1724 1145 -
1746 1098 1816 1162 in
1843 1097 2206 1180 phantasiis
2238 1098 2535 1183 6011111313,
2555 1101 2740 1165 velut
2761 1100 2947 1182 VIII,

529 1227 532 1230 ·
596 1207 629 1269 1
690 1205 967 1270 fontium
1025 1210 1092 1269 et
1145 1205 1555 1270 fundamenti
1612 1210 1678 1269 et
1733 1206 1971 1288 XLIV,
2031 1206 2115 1270 10
2170 1205 2528 1270 bestiarum
2594 1226 2629 1270 6
2686 1226 2949 1272 carcere

595 1312 974 1377 emissarum
1025 1317 1092 1376 et
1137 1312 1580 1377 inundationis
1626 1312 1943 1394 imagines
2000 1311 2233 1379 vitiose
2289 1312 2533 1395 miscet,
2590 1312 2823 1377 deinde
2877 1313 2947 1377 in

593 1418 909 1483 immensa
977 1418 1407 1501 amplitudine
1470 1420 1895 1502 periodorum,
1960 1438 2089 1499 qua
2158 1438 2302 1484 eum
2368 1438 2437 1484 36
2501 1418 2754 1485 iactare
2817 1420 2947 1485 iam

596 1545 794 1607 supra
841 1525 1138 1608 vidimuS,
1185 1526 1254 1590 in
1302 1531 1634 1591 structura
1681 1525 1991 1590 sermonis
2037 1524 2225 1589 nimis
2280 1526 2562 1590 fortasse
2608 1527 2947 1609 numerosi,

597 1633 698 1698 cui
747 1632 1179 1714 compluribus
1223 1632 1381 1698 locis
1428 1638 1597 1697 totos
1645 1651 1871 1698 versus
1917 1632 2209 1715 inseruit,
2248 1632 2525 1713 denique
2560 1632 2630 1697 in
2668 1652 2741 1697 eo
2779 1636 2948 1713 quod

599 1739 1067 1805 sublimitatem
1118 1740 1319 1803 etiam
1365 1739 1458 1803 ibi
1506 1739 1886 1822 adfectavit,
1934 1739 2044 1803 ubi
2092 1738 2264 1803 sicca
2311 1739 2619 1803 materies
2664 1740 2947 1806 sobrium

595 1846 722 1911 sibi
768 1865 1123 1911 sermonem
1173 1846 1496 1928 exigebat.

773 1954 1017 2018 Verum
1065 1958 1286 2017 tamen
1331 1952 1447 2017 illa
1493 1952 1660 2019 vitia
1709 1956 1776 2016 et
1822 1952 1878 2016 si
1915 1972 2082 2031 quae
2112 1957 2380 2033 praeter
2413 1972 2491 2017 ea
2522 1958 2690 2037 sunt,
2725 1954 2949 2017 eadem

594 2059 998 2124 liberalitate
1059 2079 1187 2139 qua
1258 2064 1484 2124 auctor
1546 2060 1616 2123 in
1678 2078 1947 2141 magnos
2012 2059 2359 2141 scriptores
2425 2078 2575 2125 usus
2642 2065 2759 2142 est,
2823 2060 2948 2141 ipsi

597 2168 1032 2252 concedamus
1132 2167 1297 2230 Nam
1354 2166 1408 2230 si
1465 2168 1676 2231 oculos
1734 2171 1801 2231 et
1858 2166 2139 2231 animum
2194 2169 2277 2230 ad
2332 2166 2462 2231 iter
2508 2170 2675 2246 quod
2724 2169 2948 2232 decur-

597 2273 795 2337 rimus
860 2278 1322 2355 retorquemus,
1369 2272 1924 2359 ‚demonstravisse
1980 2272 2163 2337 nobis
2220 2274 2516 2339 videmur
2570 2274 2949 2355 scriptorem

596 2380 878 2444 animum
942 2399 1124 2444 suum
1191 2382 1297 2443 ad.
1338 2380 1849 2461 magnitudinem
1917 2380 2152 2444 aluisse
2210 2384 2276 2443 et
2330 2380 2703 2461 provexisse
2760 2385 2829 2445 et
2881 2380 2951 2444 in

593 2486 761 2551 libro
809 2505 998 2565 quem
1045 2489 1126 2551 de
1172 2485 1574 2551 sublimitate
1620 2486 1883 2567 scripsit
1928 2487 2255 2551 adfectum
2304 2487 2363 2551 ei
2404 2490 2948 2553 accommodatum

597 2595 951 2658 ostendere.
1053 2592 1317 2675 Figuris
1373 2599 1590 2658 autem
1649 2599 1716 2658 et
1772 2596 2116 2660 verborum
2174 2600 2240 2659 et
2295 2594 2765 2660 sententiarum
2814 2596 2948 2660 eius

596 2700 952 2764 orationem
1006 2702 1274 2781 pulchre
1331 2706 1626 2765 ornatam
1685 2719 1823 2765 6336
1878 2700 2155 2767 vidimus
2213 2707 2279 2766 et
2333 2703 2789 2767 vocabulorum
2846 2722 2948 2793 co-

596 2807 770 2888 piam
827 2808 1144 2871 delectam
1200 2809 1532 2887 multaque
1587 2809 1911 2872 translate
1967 2807 2221 2873 dicendi
2276 2828 2520 2890 genera
2576 2811 2748 2889 apud
2804 2828 2948 2873 611111

597 2919 872 2978 exstare.
974 2915 1079 2977 Ad
1137 2919 1494 2978 extremum
1549 2933 1954 2979 numerosum
2010 2933 2364 2979 sermonem
2422 2916 2487 2979 et
2534 2916 2948 2981 artificiosam
3032 3000 3037 3003 ,

597 3019 1115 3101 compositionem
1152 3022 1581 3085 membrorum
1627 3020 2099 3086 sententiarum
2145 3021 2452 3086 admirati
2500 3041 2730 3087 sumus.

775 3127 959 3210 Quae
1007 3146 1149 3191 cum
1195 3126 1462 3193 itasint
1499 3145 1626 3191 non
1664 3127 2034 3192 dubitamus
2073 3129 2156 3192 ad
2196 3146 2274 3192 ea
2312 3147 2481 3208 quae
2516 3128 2703 3193 initio
2750 3148 2946 3209 quae-

597 3233 864 3300 sivimus
919 3233 1018 3298 ita
1073 3235 1464 3315 respondere
1528 3239 1602 3298 ut
1661 3234 2007 3316 ignotum
2070 3234 2538 3316 scriptorem
2583 3236 2770 3300 libri
2817 3236 2947 3317 qui
3010 3262 3025 3277 ·

597 3344 686 3405 de
746 3340 1236 3406 sublimitate
1297 3345 1415 3405 est
1471 3346 1895 3422 praecepta
1959 3343 2051 3406 ab
2111 3342 2276 3424 ipso
2324 3344 2413 3407 de
2460 3342 2949 3409 sublimitate

599 3450 774 3512 data
820 3447 985 3529 ipso
1030 3447 1234 3512 libro
1282 3448 1620 3513 dicamus
1667 3453 2010 3513 secutum
2058 3468 2238 3514 esse.

1557 3574 1694 3598 ‚sa-s*

1979 3575 2069 3659 f>

1447 3719 1469 3794 1}
1551 3724 1657 3777 1.ῑῖιέ
1678 3720 2079 3781 ΝΕΞΞΙΤΥ

1460 3810 1472 3835 ’τ
1770 3815 1837 3850 ,ΜΓ

1473 3813 2011 3966 ΚΞἉΙΏΒΝ

1238 3954 2301 4065 -ὼψῆὲξφὲὼῤ
