3417 5059
1538 380 1801 446 *54
1895 420 1979 426 ,-

587 580 795 662 ὥσπερ
836 580 909 642 ἐκ
949 578 1148 663 μέθης
1179 580 1334 655 τινὲς
1367 580 1449 655 εἰς
1484 582 1558 643 τὰ
1590 579 1807 664 μηκέτι
1839 577 1945 644 τοῦ
1979 572 2355 665 πράγματος,
2395 581 2517 644 ἴδια
2556 576 2657 664 [δ’]
2698 580 2933 644 ἑαυτῶν

585 686 691 749 καὶ
739 685 1008 770 σχολικὰ
1063 686 1520 770 παραφέρονται
1568 687 1775 771 πάθης
1838 685 1936 767 12,
1985 684 2025 748 5
2074 688 2281 771 ὥσπερ
2339 688 2457 751 ὑπὸ
2506 686 2722 771 μανίας
2776 690 2934 763 τινος

585 794 690 855 καὶ
757 792 1097 876 πνεύματος
1167 793 1691 869 ἐνθουσιαστικῶς
1762 792 2019 857 ἐκπνὲον
2076 787 2181 857 καὶ
2229 794 2408 857 οἱονεὶ
2457 793 2749 878 φοιβάζον
2794 797 2935 869 τοὺς

586 899 832 983 λὸγουςς
859 897 962 979 50,
1010 898 1050 959 3
1093 895 1448 983 [Πλάτωνα]
1501 902 1708 983 ὥσπερ
1757 901 1875 964 ὑπὸ
1924 900 2218 985 βακχείας
2255 903 2411 975 τινὸς
2449 910 2572 964 τῶν
2616 901 2819 984 λόγων
2852 902 2936 977 εἰς

586 1008 934 1089 μεταφορὰς
981 1006 1438 1091 ἐκφερόμενον.’

764 1111 822 1173 Α
871 1109 1180 1175 brevibus
1230 1110 1817 1193 comparationibus
1866 1114 1949 1175 ad
1985 1112 2213 1193 longas
2252 1118 2318 1177 et
2356 1113 2681 1193 perfectas
2719 1117 2931 1178 trans-

588 1216 770 1282 imus,
865 1215 1350 1299 Simplicissima
1398 1223 1465 1282 et
1511 1218 1938 1283 usitatissima
1987 1218 2489 1300 comparationis
2540 1220 2766 1302 forma,
2822 1219 2934 1284 ubi

587 1323 832 1405 protasi
881 1326 962 1402 ὡς
1022 1324 1362 1407 particula,
1419 1324 1677 1406 apodosi
1729 1330 1921 1402 οὕτως
1970 1325 2431 1408 praemittitur,
2469 1326 2572 1409 35,
2599 1326 2697 1407 14,
2746 1326 2849 1408 37,
2875 1328 2933 1409 9,

590 1432 692 1514 42,
715 1432 798 1495 23
849 1436 1082 1496 exstat.
1175 1433 1254 1497 In
1301 1432 1548 1513 protasi
1595 1436 1804 1518 ὥσπερ
1844 1450 1959 1512 pro
2000 1434 2099 1515 ὡς,
2138 1432 2206 1498 16
2245 1433 2506 1514 apodosi
2546 1438 2739 1511 οὕτως
2778 1434 2933 1515 37,2

589 1542 655 1601 613
701 1539 848 1620 67,8
896 1538 1154 1620 legitur.
1247 1539 1512 1603 Duobus
1558 1538 1714 1603 locis
1762 1541 1845 1602 ad
1893 1539 2267 1620 posterioris
2314 1539 2683 1604 sententiae
2740 1545 2933 1617 οὕτως

587 1644 864 1726 scriptor
884 1650 987 1711 καί
1015 1646 1214 1725 6111111,
1241 1651 1314 1710 111
1337 1647 1613 1710 formula
1639 1650 2101 1731 ὥσπερ-οὕτω
2127 1651 2232 1713 καὶ
2259 1648 2517 1727 evadat,
2543 1651 2693 1711 sunt
2718 1651 2934 1711 autem

587 1753 690 1835 63,
713 1753 752 1815 2
794 1757 860 1816 613
899 1752 1000 1835 65,
1027 1753 1084 1817 6.
1169 1754 1409 1817 Contra
1446 1757 1552 1819 καὶ
1601 1752 1927 1833 particula
1964 1772 2091 1818 non
2131 1756 2211 1818 ad
2252 1758 2411 1820 οὕτω
2452 1756 2563 1817 6611
2603 1756 2685 1817 611
2724 1758 2931 1839 ὥσπερ

589 1858 815 1923 addita
864 1860 1112 1942 66134,
1150 1861 1246 1923 12.
1333 1859 1572 1942 Quinto
1612 1860 1749 1924 loco
1798 1859 2341 1941 comparationem
2374 1879 2933 1925 commemoramus

588 1986 754 2047 quae
802 1966 904 2049 45,
939 1967 977 2029 2
1028 1970 1261 2031 exst-at.
1353 1966 1454 2030 Ibi
1503 1986 1659 2032 vero
1697 1967 1979 2048 protasis
2013 1966 2337 2048 apodosim
2370 1966 2678 2049 sequitur,
2728 1986 2934 2048 neque

589 2076 796 2159 ὥσπερ
855 2074 1136 2156 apodosi,
1203 2093 1369 2153 quae
1425 2072 1613 2137 huius
1671 2072 2168 2155 comparationis
2216 2073 2392 2155 prior
2449 2093 2601 2155 pars
2649 2079 2764 2156 est,
2822 2076 2933 2137 6611

587 2184 807 2247 ταύτὸν
841 2179 1303 2261 praemittitur.
1395 2182 1441 2245 J
1445 2200 1547 2244 am
1589 2183 1668 2244 de
1701 2181 1948 2245 duobus
1978 2179 2133 2245 locis
2166 2180 2504 2245 dicendum
2537 2185 2635 2244 est
2666 2199 2934 2261 quormn

587 2287 834 2369 protasi
881 2291 1178 2373 καθάπερ
1225 2286 1550 2369 particula
1597 2288 1971 2369 praeposita
2019 2292 2133 2370 6613,
2183 2288 2241 2369 9,
2290 2288 2373 2351 22
2424 2290 2503 2352 116
2559 2306 2681 2368 quo
2738 2306 2935 2368 supra

590 2394 850 2477 egimus,
913 2400 979 2459 et
1035 2396 1138 2477 61,
1189 2395 1288 2457 17.
1380 2395 1603 2473 Neque
1670 2413 1825 2459 vero
1890 2414 2020 2459 una
2077 2414 2183 2459 eos
2238 2398 2531 2459 tractare
2586 2414 2934 2477 possumus,

591 2501 742 2582 quia
789 2505 1096 2583 apodoses
1143 2502 1334 2567 valde
1381 2500 1555 2565 inter
1601 2520 1669 2565 se
1717 2500 2041 2566 differunt.
2134 2501 2317 2566 Illius
2349 2506 2566 2566 autem
2600 2519 2929 2582 compara-

589 2608 784 2673 tionis
821 2627 988 2689 quae
1035 2608 1094 2689 9,
1133 2609 1216 2672 22
1267 2612 1485 2672 exstat
1533 2608 1827 2689 apodosis
1865 2607 2123 2674 initium
2162 2608 2475 2674 adverbio
2512 2612 2658 2694 τῇδε
2696 2608 2931 2672 forma-

591 2720 715 2797 tur,
764 2718 930 2796 quod
968 2715 1136 2779 idem
1173 2716 1313 2779 fere
1351 2736 1428 2779 ac
1465 2720 1658 2793 οὕτως
1697 2715 2035 2797 significat.
2128 2718 2369 2803 Verum
2406 2715 2583 2780 intra
2621 2714 2933 2796 protasim

591 2828 657 2886 et
713 2822 1038 2903 apodosim
1103 2827 1238 2887 tres
1294 2821 1658 2887 sententiae
1714 2822 2138 2904 interpositae
2194 2827 2361 2905 sunt,
2418 2841 2584 2903 quae
2638 2821 2738 2887 ita
2802 2820 2932 2886 alia

588 2928 783 2993 aliam
817 2936 1189 3011 sequuntur,
1229 2934 1302 2994 111
1341 2934 1485 3011 post
1515 2930 1758 2995 tertiae
1794 2930 1981 2994 finem
2021 2949 2147 2994 non
2186 2928 2384 2994 etiam
2424 2936 2601 2995 certe
2640 2928 2931 3009 sciamus,

587 3042 804 3102 11111161
861 3036 1157 3118 apodosis
1205 3040 1287 3101 ad
1344 3036 1654 3118 protasim
1712 3038 2056 3101 referenda
2112 3036 2199 3099 sit
2266 3056 2350 3100 an
2415 3056 2619 3109 novus
2676 3042 2930 3101 senten-

589 3144 829 3209 tiarum
876 3148 1063 3208 tenor
1107 3143 1394 3225 incipiat.
2614 3132 2622 3134 ⁸

767 3252 1064 3316 Alterum
1113 3251 1474 3331 exemplum
1521 3254 1687 3331 quod
1736 3252 1839 3332 61,
1875 3251 1955 3312 17
2006 3256 2225 3313 exstat
2271 3270 2399 3314 non
2445 3250 2653 3315 minus
2700 3270 2930 3314 1116610-

587 3357 796 3423 rabile
845 3362 944 3421 est
991 3376 1109 3421 nec
1157 3356 1471 3438 explicari
1519 3361 1733 3438 potest
1780 3356 1904 3421 nisi
1950 3377 2067 3438 per
2114 3357 2611 3422 anacoluthiam.
2688 3359 2935 3421 Auctor

588 3464 677 3528 ibi
727 3464 942 3529 dicere
1001 3465 1315 3546 voluerat,
1381 3468 1456 3528 ut
1521 3469 1704 3528 recta
1770 3462 2223 3545 compositione
2288 3465 2718 3529 membrorum
2766 3465 2934 3529 bona

589 3590 857 3653 corpora
921 3572 1168 3654 fierent,
1233 3572 1330 3636 ita
1395 3576 1576 3635 recta
1643 3570 2095 3652 compositione
2160 3570 2585 3652 singularium
2649 3571 2935 3653 partium

589 3678 1060 3744 sententiarum
1115 3680 1349 3743 bonam
1405 3677 1736 3759 periodum
1795 3680 2090 3743 evadere.
2184 3678 2253 3742 Si
2309 3678 2469 3742 nihil
2528 3677 2934 3759 adspicimUS‚

587 3785 711 3850 nisi
769 3786 1044 3867 priorem
1101 3785 1279 3849 illam
1327 3784 1717 3849 sententiam
1778 3788 1847 3850 ἐν
1904 3788 1971 3850 δὲ
2030 3797 2152 3863 τοῖς
2214 3787 2478 3871 μάλιστα
2540 3787 2943 3871 μεγεθοποιεῖ

587 3898 666 3959 τὰ
712 3896 1034 3979 λεγόμενα,
1084 3895 1379 3978 ’καθάπερ
1426 3897 1503 3957 τὰ
1549 3892 1809 3978 σώματα
1856 3894 1895 3977 ἡ
1933 3904 2056 3957 τῶν
2104 3894 2306 3977 μελῶν
2348 3894 2757 3970 ἐπισύνθεσις,
2808 3910 2936 3954 non

591 4000 874 4082 corporis
922 4001 1368 4082 membrorum,
1417 4002 1527 4063 sed
1576 3999 2050 4063 sententiarum
2097 3999 2525 4062 membrorum
2564 3998 2935 4079 compositio

590 4107 852 4175 videtur
899 4106 1265 4188 significari.
1359 4107 1606 4170 Auctor
1645 4106 1814 4169 enim
1852 4106 1948 4169 ita
1986 4105 2459 4186 intellegendus
2499 4111 2599 4169 est
2644 4110 2718 4169 1113
2757 4104 2933 4170 dicat

591 4213 1045 4296 compositione
1092 4214 1520 4277 membrorum
1567 4212 2041 4278 sententiarum
2090 4232 2167 4276 ea
2214 4232 2382 4292 quae
2428 4212 2937 4293 pronuntiantur

588 4321 866 4403 grandia
897 4320 1047 4384 fieri
1081 4322 1299 4384 eodem
1331 4321 1513 4383 modo
1553 4340 1675 4401 quo
1714 4321 2143 4384 membrorum
2170 4319 2451 4401 corporis
2478 4318 2931 4401 compositione

596 4448 823 4510 corpus
877 4427 1104 4509 ipsum.
1195 4426 1582 4491 Enuntiatio
1639 4433 1857 4491 autem
1915 4426 2199 4492 relativa
2256 4426 2341 4492 ὧν
2398 4430 2461 4492 ἓν
2520 4430 2627 4513 μὲν
2676 4445 2821 4508 eqs.‚
2878 4425 2933 4489 si

3376 1342 3408 1369 (Ι
