3417 5059
1547 282 1812 381 „⁸42
1907 356 1990 362 ,-

633 506 682 559 4.
720 508 1050 573 θεόπεμπτος
1085 509 1172 575 34,
1211 511 1244 563 4
1862 512 1914 565 2.
1951 514 2221 580 ἐναλλαγη
2259 514 2344 579 23,
2386 514 2413 567 1

632 597 680 649 5.
719 600 1024 664 κακόζηλος
1060 599 1112 665 3,
1149 601 1183 651 5
1479 668 1483 673 .
1859 602 1909 655 3.
1948 605 2221 666 παιώνειος
2261 603 2348 669 16,
2386 603 2421 657 2
2458 602 2563 655 Plu

630 686 680 741 6.
719 690 1054 753 κακόστομος
1091 689 1176 755 43,
1219 691 1246 742 l

631 778 679 829 7.
719 779 1129 844 μεγαλορῤἡμων
1167 777 1252 845 23,
1290 778 1322 830 2
2254 745 2395 798 Adn'
2434 746 2501 799 Π·

614 866 680 925 ,8.
719 869 1054 933 μεγαλοφυής
1091 867 1140 933 2,
1181 867 1224 919 1.
1818 850 2235 905 vocabula-rara
2261 860 2318 905 et
2343 867 2507 906 sensu
2532 854 2938 911 memorabilia:

629 957 678 1009 9.
719 959 1041 1022 μικροχαρής
1077 956 1162 1022 41,
1203 957 1231 1008 1
1856 959 1902 1011 1.
1944 963 2223 1025 περιποιὲω
2262 960 2347 1026 22,
2388 961 2416 1013 1

599 1044 676 1098 10.
719 1046 998 1110 μονότονος
1034 1044 1121 1111 34,
1161 1045 1193 1097 2
1856 1047 1905 1100 2.
1946 1050 2223 1114 ὑποκροὺω
2262 1049 2347 1117 41,
2386 1050 2418 1103 3
2458 1048 2562 1101 Plu

595 1133 676 1185 11.
719 1135 1006 1199 ὁλόχρυσος
1043 1134 1127 1199 43,
1167 1135 1202 1187 3
1857 1136 1911 1189 3.
1952 1138 2248 1189 ὑπονοστὲω
2286 1138 2335 1206 3,
2379 1140 2400 1192 1

595 1222 677 1275 12.
716 1225 1050 1290 παιδομαθὴς
1088 1224 1172 1291 44,
1214 1224 1247 1277 3
1284 1223 1363 1277 Po
1855 1226 1903 1279 4.
1944 1229 2104 1294 ἐξοχὴ
2143 1228 2191 1294 1,
2230 1227 2265 1281 3

594 1311 677 1365 13.
715 1316 1017 1378 πάμφυρτος
1055 1314 1104 1379 9,
1143 1314 1173 1365 7
1855 1316 1904 1369 5.
1946 1318 2259 1382 ἐπιχείρησις
2297 1316 2381 1385 15,
2421 1318 2454 1370 9

596 1402 678 1456 14.
717 1404 1167 1469 πολλοστημόριος
1204 1403 1289 1467 36,
1329 1406 1363 1457 2
1403 1403 1506 1458 Plu
1855 1403 1903 1455 6.
1944 1407 2143 1471 μυκτὴρ
2180 1405 2265 1472 34,
2306 1405 2338 1457 2
2377 1404 2481 1459 Plu

595 1492 678 1545 15.
716 1493 1006 1559 πολὺεργος
1045 1493 1129 1560 16,
1171 1493 1199 1545 1
1858 1493 1906 1545 7.
1944 1497 2163 1560 ξηρότης
2200 1495 2251 1561 3,
2289 1495 2324 1548 3
2362 1493 2467 1547 Plu

594 1581 677 1635 16.
715 1583 1006 1647 πολυῖστωρ
1044 1582 1093 1649 4,
1137 1584 1164 1636 1
1856 1582 1906 1636 8.
1944 1585 2344 1649 χρηστομάθεια
2379 1584 2465 1652 44,
2506 1585 2533 1636 1

595 1671 676 1723 17.
715 1674 1108 1737 τραπεζοκόμος
1146 1673 1230 1738 43,
1271 1674 1304 1726 4
1855 1673 1905 1725 9.
1944 1675 2245 1738 ἐμπρακτος
2285 1674 2367 1741 11,
2407 1675 2439 1726 2

594 1758 675 1811 18.
715 1762 979 1827 φλοιώδης
1016 1762 1066 1828 3,
1106 1762 1138 1814 2
1177 1761 1282 1815 Plu
1820 1761 1902 1815 10.
1942 1765 2220 1828 ἐναγώνιος
2258 1766 2307 1830 9,
2348 1764 2415 1817 13

593 1849 676 1902 19.
716 1850 1064 1915 φοιβόληπτος
1105 1851 1188 1918 16,
1231 1852 1258 1904 1
1301 1850 1405 1905 Plu
1819 1851 1900 1903 ll.
1942 1856 2200 1917 μετέωρος
2236 1852 2285 1921 3,
2326 1852 2359 1905 2

591 1938 662 1991 20
717 1940 1110 2001 δυσεξάλειπτος
1137 1939 1512 2009 (compositum
1532 1956 1598 1993 ex
1619 1946 1706 2005 ους
1819 1940 1901 1992 12.
1942 1942 2260 2007 ὑπερήμερος
2302 1943 2384 2007 14,
2421 1944 2454 1995 3

714 2034 770 2081 et
799 2027 1066 2082 adiectivo
1087 2029 1174 2081 cui
1197 2029 1526 2097 praepositio
1552 2045 1704 2096 prae-

714 2117 823 2170 fixa
861 2117 982 2185 est.)
2235 2084 2373 2137 Adn·
2412 2085 2511 2137 ΠῙ·

1039 2207 1176 2261 Αᾶῃ,
1215 2208 1260 2259 Ι,
1861 2188 2182 2244 vocabulum
2220 2194 2279 2243 et
2316 2190 2489 2245 forma
2524 2198 2581 2244 et
2619 2193 2891 2246 sententia

590 2297 855 2352 vocabula
872 2312 1002 2349 rara
1026 2301 1082 2349 et
1107 2294 1282 2349 forma
1306 2295 1699 2351 memorabilia:
2187 2281 2557 2335 memorabile:

542 2382 546 2387 ’
628 2388 674 2440 1.
716 2390 951 2452 δοκίμιον
987 2386 1076 2453 32,
1114 2385 1148 2437 9
1186 2385 1289 2439 Plu
1858 2388 1904 2439 1.
1944 2388 2328 2454 γλωττόκωμον
2364 2388 2450 2455 44,
2488 2388 2523 2441 5

741 2477 906 2567 =Iam
971 2475 1028 2541 si
1093 2476 1176 2541 ad
1241 2480 1452 2541 totum
1517 2476 1921 2557 respicimuS,
1990 2478 2120 2541 294
2180 2478 2385 2543 verba
2444 2478 2700 2543 delecta
2761 2482 2937 2560 apud

588 2583 1257 2667 Pseudo-Longinum
1313 2584 1691 2665 reperim11S‚
1757 2604 1792 2649 e
1849 2584 2085 2665 quibus
2146 2586 2231 2650 35
2293 2587 2465 2666 apud
2524 2605 2669 2651 eum
2730 2587 2937 2652 solum

589 2690 898 2756 videntur
941 2690 1089 2773 legi.
1121 2720 1127 2723 ·
1167 2690 1324 2755 Cum
1373 2697 1592 2756 autem
1642 2692 1771 2756 259
1811 2692 2278 2757 vocabulorum
2318 2711 2487 2771 quae
2525 2692 2723 2757 etiam
2761 2695 2937 2774 apud

588 2798 752 2863 alios
814 2797 1171 2878 scriptores
1232 2803 1501 2863 exstant
1561 2805 1822 2863 tantum
1879 2818 2075 2863 unam
2134 2803 2203 2862 et
2249 2797 2623 2864 vicesimam
2679 2806 2936 2880 partem

589 2907 762 2986 apud
828 2905 1192 2985 Platonem,
1290 2904 1632 2985 septimam
1728 2904 2043 2970 decimam
2132 2904 2273 2970 fere
2350 2907 2524 2986 apud
2591 2906 2933 2988 Polybium

587 3011 1006 3093 reppererim,
1087 3011 1431 3077 Plutarchi
1495 3012 1765 3093 scripta,
1848 3017 2165 3093 quantum
2241 3031 2277 3077 e
2340 3011 2568 3077 lexicis
2634 3013 2933 3095 cognovi,

589 3118 865 3200 amplius
913 3126 1218 3199 quartam
1264 3126 1520 3200 partem
1567 3118 1895 3185 exhibent.
1980 3118 2151 3183 Utut
2197 3137 2305 3184 res
2352 3138 2424 3184 se
2470 3120 2691 3200 habet,
2738 3119 2807 3185 id
2855 3139 2935 3185 ne

587 3246 732 3291 eum
793 3226 1050 3306 quidem
1112 3225 1326 3309 fugiet
1387 3225 1500 3305 qui
1553 3225 1792 3292 leviter
1848 3244 1984 3291 rem
2045 3225 2335 3308 attinget
2396 3225 2785 3307 scriptorem
2832 3245 2935 3291 se-

587 3335 867 3399 cundum
907 3338 1264 3415 praecepta
1304 3353 1424 3398 sua
1462 3333 1844 3417 diligentem
1875 3334 2223 3399 verborum
2256 3334 2578 3398 delectum
2610 3332 2934 3398 habuisse.

764 3441 889 3507 Sed
938 3439 1314 3505 accuratius
1375 3440 1444 3505 in
1505 3459 1648 3505 eam
1708 3459 1845 3505 rem
1903 3440 2314 3521 inquirentes
2370 3440 2680 3505 maiorem
2736 3440 2935 3505 etiam

587 3547 876 3613 auctoris
916 3545 1321 3629 diligentiam
1361 3553 1430 3613 et
1467 3554 1678 3613 artem
1718 3566 1984 3613 cernere
2024 3546 2214 3612 nobis
2252 3546 2380 3613 visi
2419 3566 2658 3613 sumus,
2736 3546 2935 3611 Cuius

586 3652 992 3734 quaestionis
1050 3653 1223 3719 viam
1270 3653 1524 3724 Birtius
1586 3654 1778 3720 nobis
1824 3654 2239 3732 monstravit,
2304 3654 2416 3733 qui
2479 3654 2561 3718 iis
2623 3673 2790 3735 quae
2852 3653 2935 3717 ad

585 3760 892 3841 Natorpii
961 3756 1193 3825 librufn
1258 3762 1339 3826 de
1411 3760 1644 3826 ethicis
1711 3760 2075 3827 Democriti
2147 3760 2463 3842 scriptum
2534 3760 2786 3825 addidit
2857 3760 2937 3824 de
3032 3750 3045 3765 '

585 3867 953 3949 philosophi
993 3886 1234 3951 genere
1281 3867 1609 3933 scribendi
1657 3867 1991 3950 sagaciter
2038 3866 2193 3947 egit.
2280 3866 2468 3949 Quod
2515 3867 2570 3931 si
2611 3868 2691 3931 ad
2733 3866 2935 3931 subli-

584 3974 879 4039 mitatem
928 3974 1245 4039 orationis
1295 3974 1710 4041 efficiendam
1768 3976 1936 4041 duae
1982 3974 2299 4055 imprimis
2347 3993 2453 4038 res
2500 3973 2567 4038 in
2617 3974 2933 4057 eligendis

585 4081 923 4147 vocabulis
981 4082 1432 4148 observandae
1482 4090 1655 4163 sunt,
1718 4089 1783 4146 et
1832 4082 2117 4147 ambitus
2163 4081 2628 4149 vocabulorum
2676 4087 2743 4147 et
2788 4081 2935 4161 ipsa

585 4188 988 4271 compositio,
1019 4188 1268 4270 pauciS,
1297 4189 1354 4253 si
1383 4189 1622 4270 placet,
1657 4191 1739 4255 de
1773 4188 2028 4254 ratione
2062 4189 2457 4255 disseramus
2489 4209 2619 4268 qua
2651 4187 2935 4268 scriptor

585 4296 648 4359 in
700 4295 828 4360 illis
869 4295 1152 4378 triginta
1183 4296 1468 4377 quinque
1499 4296 1840 4363 vocabulis
1874 4296 2239 4361 formandis
2270 4315 2430 4361 usus
2462 4295 2726 4361 videtur
2771 4314 2933 4360 esse.

761 4404 860 4466 Ac
907 4402 1184 4483 primum
1231 4402 1488 4482 quidem
1537 4404 1961 4468 statuendum
2009 4409 2111 4467 est
2148 4402 2372 4485 magni
2409 4402 2695 4467 ambitus
2733 4420 2933 4467 voca-

3362 3536 3377 3637 ,-Α
