3417 5059
1613 350 2059 413 ..66-

647 581 700 601 u
718 580 789 626 u,
835 578 889 598 υ
906 579 960 599 υ
978 581 1050 627 υ,
1095 583 1148 590 -
1165 580 1221 600 υ
1241 583 1292 589 --
1313 580 1381 609 υ.
1465 545 1556 610 Iis
1601 544 1775 609 enim
1818 544 2105 609 numeris
2148 544 2506 609 orationem
2550 544 2742 608 nimis
2788 563 3006 607 nume-

647 669 860 715 rosam
913 651 1066 716 fieri
1101 652 1454 732 contendit,
1501 670 1710 731 neque
1756 650 2087 715 auditores
2132 656 2287 715 ante
2332 650 2581 731 periodi
2626 650 2818 713 finem
2864 650 3009 729 quis

649 756 789 822 eius
834 757 1050 823 exitus
1095 758 1356 823 futurus
1401 757 1490 822 sit
1531 758 1855 839 ignorare.

833 864 1076 929 Eodem
1107 862 1326 945 capite
1355 870 1671 945 monetur,
1701 882 1787 927 ne
1814 864 2103 927 membra
2134 863 2446 927 orationis
2476 862 2719 927 maiore
2741 882 3007 927 numero

649 971 994 1035 verborum
1065 989 1234 1051 quae
1309 969 1544 1035 brevia
1605 977 1677 1034 et
1740 989 2095 1050 paucarum
2156 970 2559 1050 syllabarum
2621 968 2751 1033 sint
2816 968 3007 1032 nimis

644 1076 1037 1141 incidantur.
1115 1077 1218 1141 Ea
1263 1077 1406 1142 fere
1449 1097 1489 1141 a
1519 1078 1783 1141 rhetore
1812 1078 1894 1139 de
1924 1075 2235 1140 orationis
2266 1075 2549 1139 numeris
2580 1080 3005 1155 exponuntur.

647 1183 880 1263 Itaque
937 1202 1080 1247 cum
1134 1202 1264 1248 nou
1319 1183 1610 1265 ignotum
1657 1182 1744 1246 sit
1791 1202 1831 1246 a
1882 1182 2105 1246 multis
2150 1181 2573 1262 scriptoribus
2620 1186 2687 1245 et
2732 1180 3007 1245 Graecis

649 1296 716 1353 et
745 1289 1005 1354 Latinis
1051 1292 1132 1354 de
1179 1290 1384 1355 variis
1429 1288 1715 1354 numeris
1762 1295 1829 1353 et
1875 1308 2000 1369 quo
2036 1288 2306 1369 quisque
2335 1290 2472 1351 loco
2504 1288 2756 1351 valeret
2790 1292 3005 1352 actmn

648 1414 805 1477 esse,
861 1400 1152 1461 nostrum
1209 1402 1310 1459 est
1363 1399 1723 1476 ostendere,
1777 1400 2097 1475 quatenus
2152 1393 2765 1474 Pseudo-Longinus
2817 1413 3003 1473 prae-

648 1506 840 1583 cepta
895 1521 1062 1582 quae
1118 1504 1199 1566 de
1253 1501 1536 1566 numeris
1592 1501 1774 1565 dedit
1826 1501 1967 1582 ipse
2020 1500 2473 1565 observaverit
2528 1506 2596 1563 et
2642 1519 2767 1579 quo
2820 1504 3004 1564 modo

648 1607 1008 1673 orationem
1053 1626 1459 1672 numerosam
1505 1607 1881 1672 reddiderit.

827 1715 1064 1793 Itaque
1112 1712 1170 1778 si
1215 1714 1423 1794 primo
1467 1713 1614 1779 loco
1662 1713 2055 1793 quaerimus,
2106 1732 2255 1777 num
2294 1712 2581 1793 scriptor
2617 1732 2817 1793 saepe
2853 1716 3002 1778 bre-

647 1820 842 1885 vibus
892 1819 1110 1885 verbis
1167 1838 1327 1885 usus
1389 1819 1498 1901 sit,
1561 1820 1769 1901 primo
1816 1818 1969 1883 libri
2014 1818 2236 1899 capite
2280 1818 2459 1883 inter
2500 1820 2631 1884 312
2679 1820 3003 1885 vocabula

649 1926 777 1991 125
833 1925 1195 2007 reperimus
1255 1944 1424 2005 quae
1486 1926 1922 2008 singularum·
1951 1925 2354 2007 syllabarum
2410 1933 2584 1991 sunt.
2690 1927 2769 1990 Id
2827 1928 3001 2006 quod

645 2051 776 2098 non
825 2038 964 2096 tam
1009 2032 1240 2097 mirum
1287 2031 1347 2096 ei
1395 2031 1745 2111 videbitur,
1796 2031 1853 2096 si
1891 2031 2038 2111 quis
2077 2031 2597 2097 consideraverit
2633 2032 2701 2096 in
2740 2032 2999 2097 Graeco

647 2156 945 2204 sermone
977 2156 1404 2221 permagnum
1437 2157 1775 2203 numerum
1806 2138 2282 2218 particularum
2315 2176 2400 2185 —
2431 2145 2501 2202 et
2538 2157 2763 2203 earum
2802 2157 3001 2220 saepe

647 2244 1099 2309 encliticarum
1165 2283 1248 2291 —
1313 2263 1484 2325 quae
1549 2244 1957 2327 singularum
2023 2244 2426 2325 syllabarum
2491 2244 2644 2325 sint,
2716 2251 3000 2311 exstare.

645 2352 895 2417 Eodem
960 2350 1180 2432 capite
1248 2354 1328 2416 77
1388 2352 1715 2417 vocabula
1778 2370 1946 2431 quae
2012 2350 2313 2416 binarum
2378 2351 2779 2432 syllabarum
2845 2358 3002 2415 sunt

645 2458 985 2541 leguntur3
1049 2464 1386 2523 ternarum
1449 2458 1852 2539 syllabarum
1898 2458 2366 2523 vocabulorum
2426 2476 2734 2522 numerus
2792 2458 3004 2522 minor

648 2571 771 2645 est,
823 2582 969 2629 cum
1015 2564 1156 2629 eius
1203 2564 1465 2646 generis
1511 2563 1640 2628 nisi
1687 2564 1773 2628 54
1811 2582 1944 2628 non
1990 2563 2433 2629 inveniantur.
2525 2563 2811 2627 Dimidia
2861 2562 3002 2628 fere

647 2690 806 2751 pars
852 2670 934 2735 iis
972 2670 1310 2736 vocabulis
1357 2666 1682 2734 formatur
1722 2688 1889 2749 quae
1928 2675 2289 2749 quaternas
2328 2677 2395 2734 et
2434 2670 2670 2750 quinas
2710 2670 3001 2750 syllabas

646 2778 927 2859 habent3
976 2777 1089 2842 illa
1137 2778 1307 2841 enim
1355 2777 1459 2857 25,
1509 2778 1672 2841 haec
1722 2777 1806 2840 26
1855 2783 2026 2841 sunt.
2140 2775 2264 2841 His
2313 2784 2630 2856 quattuor
2675 2776 3001 2841 vocabula

648 2901 955 2949 senarum
1002 2883 1404 2965 syllabarum
1451 2883 1865 2947 adnectenda
1915 2889 2070 2947 sunt
2116 2890 2185 2947 et
2234 2890 2655 2963 septenarum
2713 2902 2926 2947 unum.
2956 2882 3000 2966 1)
3088 2970 3094 2977 .

826 2990 1066 3055 Verum
1113 2988 1381 3054 maioris
1429 2989 1737 3054 momenti
1784 3008 1977 3069 quam
2024 2989 2431 3054 enumeratio
2482 2990 2883 3071 syllabarum
2922 3010 3001 3055 ea

649 3095 948 3176 quaestio
990 3101 1092 3160 est
1125 3114 1254 3175 qua
1291 3095 1775 3177 interrogamus
1816 3115 1943 3175 quo
1982 3098 2169 3161 modo
2217 3096 2446 3159 rhetor
2499 3095 2760 3179 singula
2797 3099 3001 3162 verba

645 3202 836 3267 iuxta
882 3201 1178 3283 posuerit
1215 3207 1285 3266 et
1323 3206 1541 3266 utrum
1581 3220 1779 3282 saepe
1818 3222 2122 3285 magnum
2163 3220 2499 3266 numerum
2537 3203 3002 3268 vocabulorum

648 3308 843 3374 unius
876 3309 979 3373 vel
1012 3310 1288 3373 duarum
1322 3307 1727 3389 syllabarum
1758 3308 2175 3373 coniunxerit
2208 3326 2430 3372 necne.
2506 3310 2745 3389 Itaque
2776 3311 3001 3374 eodem

647 3414 868 3496 capite
926 3412 1132 3495 primo
1191 3414 1391 3479 semel
1452 3420 1715 3479 tantum
1761 3414 2085 3481 vocabula
2142 3414 2550 3497 singularum
2597 3416 3000 3497 syllabarum

647 3522 754 3587 vel
801 3520 1099 3587 binarum
1148 3539 1224 3586 eo
1273 3520 1502 3585 ordine
1539 3521 1871 3605 leguntur,
1922 3527 1997 3585 ut
2035 3520 2119 3583 20
2154 3521 2445 3601 syllabas
2484 3521 2793 3587 efficiant.
2864 3523 3001 3587 Nec

648 3627 912 3709 saepius
981 3627 1207 3693 eadem
1277 3628 1624 3692 verborum
1696 3626 2168 3707 compositione
2238 3628 2597 3707 duodenae,
2677 3630 2997 3708 undenae,

647 3736 875 3814 denae,
949 3753 1265 3812 novenae,
1350 3740 1628 3800 octonae
1714 3734 2010 3815 syllabae
2082 3734 2446 3814 explentur.
2568 3735 2693 3799 Sed
2764 3742 3001 3814 quater

647 3847 1089 3921 septenarum,
1139 3839 1484 3921 quinquies
1535 3859 1859 3918 senarum,
1912 3840 2125 3905 sexies
2172 3839 2535 3920 quinarum,
2588 3840 2802 3905 decies
2842 3861 3001 3921 qua-

649 3952 1005 4035 ternarum,
1073 3952 1312 4027 quater
1374 3945 1590 4012 decies
1657 3951 1996 4011 ternarum
2056 3946 2456 4028 syllabarum
2514 3946 2718 4011 series
2774 3966 2999 4012 mono-

650 4053 920 4135 syllabis
959 4054 1062 4117 vel
1103 4052 1444 4135 bisyllabis
1484 4053 1819 4117 vocabulis
1855 4053 2043 4117 iuxta
2082 4052 2318 4133 positis
2359 4051 2701 4118 formatur.
2763 4055 2999 4134 Itaque

649 4176 764 4223 sex
824 4158 954 4223 illis
1009 4158 1171 4224 locis
1228 4158 1462 4238 quibus
1521 4178 1651 4223 non
1714 4158 2016 4257 ampliusl
2056 4158 2139 4223 70
2201 4158 2496 4239 syllabae
2554 4160 2995 4237 continentur,

826 4270 869 4370 1-)“
888 4270 1241 4354 -Οοῐᾶιατωη
1267 4299 1602 4367 syllabarum
1639 4298 1908 4353 vocabula
1946 4316 1991 4353 e.
2019 4316 2072 4368 g.
2099 4300 2234 4353 haec
2272 4300 2481 4353 adfero:
2522 4300 2577 4369 3,
2604 4301 2638 4354 8
2674 4302 2999 4351 κατασκελε-

647 4392 915 4455 τευόμετα,
958 4390 1040 4457 17,
1063 4390 1094 4442 2
1131 4390 1646 4455 προσεπιθεωρητὲον
1685 4390 1770 4455 27,
1798 4390 1864 4442 21
1904 4392 2543 4454 παρασκευαστικώταται.
