3417 5059
19 210 46 279 ‘ae

1403 384 1849 447 -37„-

454 578 519 642 in
569 578 794 658 primis
833 583 1108 659 propter
1143 577 1658 659 Hermocratem,
1708 569 2061 643 Hermonis
2099 576 2318 656 filium,
2370 576 2555 642 cuius
2596 596 2803 660 genus

456 685 540 749 ad
586 685 896 749 Hermam
955 683 1271 749 violatum
1333 682 1686 750 referatur.
1780 685 1883 749 Ad
1945 703 2113 763 quae
2174 683 2462 764 scriptor
2508 702 2625 764 per
2670 684 2804 749 iro-

455 790 629 856 niam
691 791 850 856 dicit
897 809 967 855 se
1013 790 1256 872 mirari,
1322 810 1439 856 cur
1486 790 1792 856 Timaeus
1845 810 1977 855 non
2028 790 2369 871 scripserit
2415 790 2805 872 Dionysium

457 918 496 961 a
543 896 755 963 Dione
817 903 883 961 et
937 896 1289 962 Heraclide
1350 897 1703 979 tyrannide
1766 897 2096 977 privatum
2156 916 2301 961 esse
2358 896 2513 978 quia
2567 899 2683 962 Δία
2738 904 2805 961 et

457 1004 804 1069 Herculem
865 1003 1250 1069 violavisset
1311 1003 1396 1089 (7,
1452 1005 1576 1085 17).
1672 1003 1898 1068 Tertio
1960 1004 2103 1068 loco
2164 1004 2294 1086 (58,
2349 1003 2476 1089 11),
2540 1005 2620 1069 de
2677 1023 2803 1083 quo

453 1110 580 1176 iam
615 1110 884 1193 egimUS,
924 1113 1286 1176 Isocratem
1319 1111 1675 1191 vituperat,
1720 1112 1893 1191 quod
1925 1110 2311 1194 panegyrici
2343 1110 2531 1175 initio
2565 1110 2805 1176 dixerit

455 1221 712 1281 tantam
752 1217 1164 1297 eloquentiae
1201 1217 1332 1284 vim
1373 1236 1516 1282 esse
1555 1222 1629 1283 ut
1665 1237 1908 1300 magna
1944 1217 2254 1298 minuere,
2298 1237 2507 1297 parva
2540 1236 2802 1300 augere,

455 1326 537 1389 de
592 1323 827 1405 priscis
883 1325 1078 1389 rebus
1140 1343 1330 1405 novo,
1395 1326 1476 1389 de
1535 1323 1727 1390 novis
1784 1323 2001 1404 prisco
2058 1325 2247 1389 modo
2296 1323 2515 1389 dicere
2562 1330 2805 1405 posset.

455 1429 555 1495 Ibi
601 1430 848 1496 ironice
905 1450 986 1495 ex
1034 1450 1109 1495 eo
1159 1431 1437 1512 quaerit,
1502 1450 1647 1495 cum
1693 1430 2251 1496 Lacedaemonios
2309 1432 2391 1495 ab
2438 1430 2804 1496 Athenien-

457 1536 636 1603 sibus
670 1537 984 1603 beneficio
1007 1557 1128 1619 quo
1154 1538 1504 1604 Graeciam
1535 1538 1885 1611 affecerint
1910 1537 2210 1618 superari
2236 1538 2806 1602 demonstraturus

457 1643 561 1725 sit,
590 1663 744 1709 num
777 1644 976 1709 etiam
999 1644 1670 1710 Lacedaemoniorum
1703 1648 1771 1709 et
1788 1643 2291 1709 Atheniensium
2323 1662 2429 1709 res
2462 1644 2806 1709 immutare

458 1750 631 1815 velit.
724 1752 911 1817 Unus
972 1752 1154 1815 locus
1210 1756 1443 1833 restat,
1509 1771 1634 1831 quo
1694 1750 1911 1816 ironia
1958 1769 2091 1815 non
2136 1750 2205 1815 in
2252 1757 2401 1815 tota
2448 1749 2801 1831 sententia,

455 1858 572 1921 sed
617 1857 684 1922 in
732 1876 862 1923 uno
909 1858 1230 1923 vocabulo
1279 1863 1382 1922 est
1429 1858 1557 1939 (30,
1603 1859 1726 1939 17).
1804 1857 2101 1938 Scriptor
2138 1859 2218 1923 de
2257 1856 2557 1938 poeticae
2596 1857 2804 1937 phan-

455 1964 666 2029 tasiae
714 1964 1077 2031 visionibus
1123 1964 1433 2046 loquitur,
1485 1984 1648 2044 quas
1698 1984 1819 2029 sua
1867 1970 2091 2029 aetate
2140 1982 2338 2045 saepe
2387 1966 2469 2029 ab
2529 1964 2805 2029 oratori-

460 2074 582 2136 bus
627 2072 695 2136 in
746 2072 1078 2136 orationes
1127 2070 1486 2136 transferri
1533 2071 1714 2150 dicit,
1764 2076 1838 2135 ut
1885 2076 2218 2151 tamquam
2275 2070 2515 2155 tragici
2569 2075 2805 2151 poetae

461 2176 672 2243 furias
733 2178 1020 2244 videant.
1126 2177 1305 2260 Quos
1364 2177 1610 2243 ironice
1673 2178 1975 2260 egregios
2036 2177 2214 2242 viros
2277 2177 2587 2257 appellat,
2662 2196 2807 2241 cum

460 2284 618 2349 dicit
676 2289 817 2351 οὐδὲ
874 2288 1074 2351 ἐκεῖνο
1134 2289 1358 2371 μαθεῖν
1418 2288 1472 2350 οἱ
1527 2296 1791 2371 γενναῖοι
1841 2287 2125 2351 δύνανται
2175 2290 2263 2349 ὅτι
2312 2288 2344 2349 ὁ
2392 2286 2609 2370 λέγων
2639 2283 2806 2370 Ὀρέ-

459 2416 605 2478 στης
629 2380 840 2478 “μὲθ·ες
863 2420 872 2430 ·
898 2391 979 2477 μί’
1013 2391 1168 2457 οὖσα
1198 2404 1322 2458 τῶν
1355 2395 1518 2477 ἐμῶν
1543 2390 1838 2477 Ἐρινύων
1861 2394 2046 2476 μέσον
2080 2390 2139 2477 μ’
2160 2393 2469 2477 ὀχμάζεις,
2506 2393 2589 2469 ὡς
2614 2392 2808 2477 βάλῃς

461 2502 521 2576 ἐς
568 2497 1603 2584 τάρταρον’---φαντάζεται
1652 2497 1838 2563 ταῦθ’
1889 2503 1979 2563 ὅτι
2028 2500 2321 2583 μαίνεται.

1567 2693 1691 2758 IV.

635 2816 1044 2883 Meminimus
1095 2816 1480 2898 scriptorem
1516 2817 1584 2882 in
1624 2816 1983 2898 partitione
2020 2815 2222 2881 libelli
2261 2822 2563 2897 quartam
2603 2816 2806 2882 subli-

457 2923 705 2988 mitatis
740 2922 993 2988 fontem
1025 2923 1459 2989 elocutionem
1490 2922 1758 3005 dignam
1791 2927 1991 3003 atque
2024 2924 2163 2989 eius
2196 2931 2423 3004 partes
2456 2925 2805 2989 verborum

457 3031 778 3096 delectum
850 3038 916 3094 et
979 3030 1342 3095 orationem
1415 3030 1814 3095 translatam
1873 3030 2135 3096 dixisse.
2231 3031 2467 3109 Itaque
2525 3030 2657 3095 iam
2716 3032 2805 3095 de

457 3139 870 3204 verborum
927 3136 1241 3202 delectu
1290 3138 1612 3219 agendum
1671 3141 1790 3202 est.
1886 3138 2122 3201 Totam
2180 3141 2396 3201 autem
2455 3137 2805 3203 vocabulo-

457 3263 600 3308 rum
631 3243 883 3324 copiam
924 3244 1020 3308 ita
1059 3242 1626 3324 perlustravimus,
1669 3249 1746 3307 ut
1777 3243 2053 3323 primum
2094 3244 2173 3308 de
2213 3244 2511 3309 omnibus
2549 3243 2807 3309 lexicon

457 3349 760 3416 Passovii
809 3351 1310 3431 consuleremus,
1374 3356 1513 3414 tum
1560 3349 1879 3430 Stephani
1926 3350 2310 3415 thesaurum
2357 3350 2805 3417 evolveremus

457 3463 656 3536 atque
717 3475 796 3521 ea
856 3457 1178 3522 vocabula
1243 3476 1517 3536 quorum
1585 3476 1745 3521 usus
1808 3458 2162 3521 secundum
2223 3457 2615 3523 Passovium
2674 3476 2802 3521 non

454 3564 764 3644 frequens
840 3551 983 3628 esse
1059 3562 1423 3644 videbatur,
1501 3565 1715 3629 denuo
1791 3562 2327 3647 examinaremuS‚
2407 3569 2807 3644 postremum

455 3672 617 3735 haec
681 3670 747 3734 in
820 3675 1070 3734 certum
1137 3670 1427 3734 ordinem
1487 3669 1948 3752 redigeremUS,
2018 3689 2207 3750 quem
2266 3669 2394 3733 iam
2449 3669 2807 3734 lectoribus

458 3776 858 3858 proposituri
946 3795 1184 3841 sumus,
1315 3777 1616 3841 Ceterum
1690 3795 1806 3841 nos
1889 3795 2017 3841 non
2061 3776 2235 3859 fugit
2282 3795 2485 3857 quae
2562 3776 2807 3841 talibus

460 3883 939 3963 quaestionibus
1025 3882 1418 3964 colliguntur
1510 3902 1587 3947 ea
1663 3902 1790 3946 non
1865 3902 2126 3964 prorsus
2204 3888 2385 3947 certa
2475 3902 2612 3947 esse
2690 3902 2810 3947 nec

459 4008 642 4071 posse
719 3989 1104 4073 impugnari,
1187 4009 1328 4055 cum
1413 3992 1691 4054 nondum
1780 3989 1993 4054 omnia
2066 3989 2344 4054 omnium
2423 3989 2808 4071 scriptorum

460 4096 777 4162 vocabula
823 4115 1090 4161 excussa
1127 4096 1282 4177 sint;
1339 4115 1546 4177 neque
1595 4095 1765 4160 enim
1813 4115 1863 4160 e.
1901 4117 1961 4178 g.
2000 4096 2187 4161 Philo
2233 4096 2303 4159 in
2346 4096 2571 4161 lexicis
2619 4098 2810 4178 plene

459 4200 790 4265 adhibitus
847 4207 944 4266 est
998 4222 1205 4283 neque
1260 4203 1672 4268 Philodemus
1730 4202 1999 4267 omnino,
2108 4204 2155 4269 J
2157 4223 2262 4267 am
2318 4208 2668 4283 antequam
2725 4205 2809 4267 ad

457 4326 593 4372 rem
663 4311 1056 4391 accedamUS‚
1121 4329 1336 4390 pauca
1401 4308 1600 4374 etiam
1666 4310 1751 4375 ad
1816 4310 2284 4375 vocabulorum
2352 4308 2632 4375 indicem
2676 4328 2807 4373 ex-

458 4412 829 4495 plicandum
906 4416 1095 4481 nobis
1170 4416 1446 4481 dicenda
1515 4421 1727 4481 erunt.
1849 4416 2067 4481 Primo
2141 4416 2284 4481 loco
2352 4434 2430 4481 ea
2484 4415 2810 4482 vocabula
