3417 5059
1512 333 1775 396 -52
1872 371 1953 377 --

553 545 699 591 0880
763 524 1087 591 videatur.
1227 527 1416 591 Duae
1482 528 2009 608 comparationes
2075 549 2243 609 quae
2309 531 2412 608 23,
2464 530 2503 593 3
2570 535 2638 595 et
2702 532 2805 613 63,
2856 533 2897 595 9

554 638 839 708 exstant,
891 633 974 697 ab
1023 631 1472 699 architectura
1520 634 1759 699 ductae
1806 640 1975 700 sunt.
2086 638 2188 701 Ad
2236 636 2596 701 medicinae
2644 656 2898 718 quoque

555 744 764 804 artem
821 744 1056 804 auctor
1116 740 1221 818 32,
1262 741 1342 804 15
1391 740 1642 822 alludit,
1702 742 1815 807 ubi
1862 742 2332 808 Demosthenes
2378 742 2446 807 in
2494 742 2899 809 audientium

554 846 802 911 animos
870 844 1256 911 medicinam
1326 846 1659 913 inmittere
1729 848 1988 915 dicitur.
2148 850 2274 914 Ars
2341 850 2588 915 musica
2657 852 2762 930 43,
2818 854 2894 917 11

554 952 846 1019 breviter
901 953 1388 1036 perstringitur.
1482 954 1586 1035 42,
1634 956 1717 1018 23
1767 962 2082 1021 narratur
2137 958 2454 1036 quomodo
2517 957 2585 1021 in
2639 957 2900 1023 musicis

553 1059 697 1125 soni
775 1058 1070 1139 primarii
1147 1059 1291 1125 aliis
1368 1062 1730 1143 adsumptis
1805 1062 2142 1129 suaviores
2206 1053 2385 1129 fiant.
2496 1064 2624 1129 Hic
2700 1064 2900 1129 etiam

553 1164 790 1248 capitis
863 1165 949 1231 39
1014 1166 1225 1231 locum
1290 1187 1875 1249 commemoremuS,
1953 1169 2065 1249 qui
2129 1169 2386 1249 quidem
2450 1189 2570 1235 nec
2638 1190 2899 1252 compa-

553 1272 876 1338 rationem
945 1276 1156 1353 neque
1228 1274 1606 1357 allegoriam
1677 1274 1993 1355 continet,
2067 1278 2178 1341 sed
2250 1278 2333 1341 ad
2400 1297 2705 1360 magnam
2770 1278 2901 1344 vim

553 1378 869 1445 orationis
905 1399 1317 1445 numerorum
1353 1384 1820 1449 ostendendam
1852 1382 2074 1449 servit.
2148 1382 2251 1447 Ibi
2282 1382 2451 1448 enim
2483 1385 2901 1450 vehementes

555 1486 864 1552 adfectus
931 1486 1096 1552 tibia
1162 1487 1441 1552 excitari
1502 1495 1568 1554 et
1630 1488 1975 1555 audientes
2032 1489 2215 1554 velut
2278 1491 2359 1555 de
2420 1495 2602 1556 statu
2663 1491 2899 1557 deiecti

551 1593 776 1671 furore
841 1593 1083 1674 repleri
1141 1599 1361 1675 atque,
1425 1613 1570 1661 cum
1632 1615 1854 1661 eorum
1918 1594 2146 1661 animis
2192 1616 2501 1661 numerus
2548 1597 2901 1679 impressus

551 1699 655 1780 sit,
720 1700 842 1781 ipsi
905 1700 988 1764 ad
1036 1719 1374 1766 numerum
1422 1701 1519 1766 ire
1565 1710 1634 1767 et
1683 1706 1948 1768 cantum
1996 1722 2222 1785 gressu
2269 1703 2514 1768 imitari
2575 1704 2900 1771 dicuntur.

551 1806 776 1873 Etiam
837 1806 1134 1872 citharae
1195 1826 1500 1873 sonorum
1547 1808 1897 1888 varietate,
1964 1816 2193 1875 mutua
2252 1810 2450 1875 fidum
2507 1811 2897 1892 pulsatione,

553 1920 877 1979 concentu
942 1912 1331 1979 multiformi
1393 1916 1505 1995 qui
1564 1935 1708 1981 eam
1770 1916 2045 1983 audiant
2090 1916 2251 1982 mire
2299 1917 2619 1983 oblectari
2666 1924 2901 1983 auctor

551 2020 726 2086 dicit.
803 2020 1104 2101 Denique
1151 2024 1256 2101 63,
1295 2023 1330 2084 7
1383 2021 1623 2087 odariis
1669 2022 1961 2088 homines
2010 2044 2049 2087 a
2097 2042 2168 2090 re
2217 2025 2513 2089 abstrahi
2560 2024 2900 2090 contendit

549 2146 787 2208 eosque
866 2126 1053 2193 nobis
1136 2134 1292 2193 ante
1369 2129 1590 2194 oculos
1674 2129 1862 2209 ponit
1936 2129 2046 2209 qui
2118 2129 2183 2195 in
2252 2132 2450 2196 choro
2527 2129 2900 2196 odariorum

550 2240 887 2300 numerum
953 2241 1110 2303 ante
1173 2236 1364 2300 finem
1435 2222 1869 2319 cognoverint
1933 2255 2206 2317 eumque
2272 2237 2543 2317 pedibus
2609 2238 2899 2319 plodant.

550 2343 769 2422 Atque
825 2349 899 2407 ut
958 2343 1221 2407 tandem
1279 2342 1632 2422 aliquando
1689 2343 1881 2409 huius
1928 2343 2492 2424 comparationum
2538 2349 2607 2409 et
2655 2345 2900 2427 allego-

548 2448 797 2514 riarum
865 2448 1377 2514 enumerationis
1443 2449 1587 2514 finis
1653 2450 1789 2529 fiat,
1859 2452 1984 2515 duo
2053 2450 2252 2515 etiam
2317 2450 2444 2515 loci
2510 2451 2903 2517 adferantur

549 2555 660 2636 qui
707 2558 792 2621 ad
851 2555 1095 2637 poesim
1156 2560 1480 2636 spectant,
1551 2556 1723 2621 alter
1784 2558 1867 2621 ad
1930 2557 2315 2638 comoediaS,
2381 2559 2463 2623 ad
2522 2558 2909 2641 tragoedias

551 2663 737 2728 alter.
829 2662 1014 2728 Illius
1061 2661 1232 2727 enim
1292 2664 1485 2742 18,16
1531 2662 1777 2729 mentio
1826 2663 1919 2744 fit,
1986 2663 2098 2729 ubi
2146 2684 2224 2728 ea
2272 2683 2441 2744 quae
2488 2663 2553 2729 in
2607 2665 2901 2748 Odyssea

548 2771 629 2835 de
695 2770 968 2835 aedibus
1030 2769 1243 2835 Ulixis
1309 2778 1672 2836 narrantur
1738 2790 1884 2835 cum
1950 2770 2285 2836 comoedia
2342 2770 2522 2836 vitae
2584 2791 2769 2837 usum
2834 2777 2904 2836 et

545 2896 759 2943 mores
806 2876 1114 2942 imitante
1163 2885 1652 2959 comparantur,
1705 2897 1851 2943 cum
1899 2878 2003 2957 30,
2043 2880 2123 2941 16
2172 2878 2414 2961 tragici
2462 2885 2699 2958 poetae
2732 2897 2901 2944 com-

549 2992 1014 3063 memorentur,
1050 2983 1161 3064 qui
1192 2984 1402 3050 furias
1433 2984 1704 3051 videant
1738 2989 1805 3050 et
1843 3004 2158 3066 personas
2192 2985 2401 3050 furias
2423 2984 2901 3066 conspicientes

547 3090 614 3155 in
665 3090 1025 3174 tragoediis
1071 3091 1406 3157 inducant.
1501 3094 1787 3157 Tantum
1834 3094 1915 3157 de
1962 3092 2255 3157 fontibus
2304 3111 2339 3157 e
2387 3093 2619 3173 quibus
2668 3099 2902 3158 auctor

548 3198 1112 3279 comparationum
1160 3204 1227 3263 et
1275 3188 1739 3281 allegoriarum
1784 3198 2127 3264 materiam
2176 3199 2468 3280 sumpsit.

724 3307 862 3370 Iam
913 3306 996 3369 ad
1044 3303 1322 3371 formam
1370 3305 1935 3387 comparationum
1994 3306 2563 3386 contemplandam
2625 3308 2900 3371 acceda-

545 3431 705 3477 mus.
799 3411 956 3477 Cum
1019 3417 1268 3477 autem'
1301 3413 1440 3478 eius
1501 3413 1753 3495 figurae
1800 3451 1886 3457 —
1943 3433 2094 3476 nam
2152 3434 2192 3477 a
2248 3413 2576 3493 plerisque
2636 3432 2901 3494 compa-

548 3519 844 3584 rationes
907 3518 973 3583 in
1037 3519 1265 3602 figuris
1326 3526 1762 3585 numerantur
1805 3558 1894 3564 ——
1932 3522 2059 3584 duo
2110 3538 2354 3603 genera
2410 3519 2562 3598 sint,
2622 3520 2902 3585 alterum

549 3645 774 3691 earum
832 3634 1009 3706 quae
1075 3645 1156 3691 ex
1223 3627 1476 3692 duobus
1541 3626 1847 3691 membris
1916 3626 2236 3707 perfectis
2301 3633 2368 3691 et
2417 3626 2757 3707 absolutis,
2821 3644 2902 3690 ex

550 3732 809 3813 protasi
855 3738 922 3797 et
972 3733 1245 3814 apodosi
1294 3734 1687 3811 consistunt,
1750 3734 2028 3798 alterum
2077 3753 2300 3798 earum
2348 3752 2515 3813 quae
2562 3733 2901 3799 breviores

549 3845 704 3905 sunt
753 3844 820 3903 et
867 3840 1124 3919 protasi
1171 3840 1473 3921 perfecta
1521 3846 1773 3920 carent,
1823 3839 2099 3922 primum
2133 3841 2363 3904 harum
2395 3839 2691 3905 brevium
2725 3836 2899 3905 comss

549 3945 968 4027 parationum
1001 3947 1559 4012 enumerationem
1593 3947 1934 4013 faciamus.
2013 3948 2111 4011 Ac
2144 3945 2349 4026 primo
2383 3946 2643 4025 quidem
2676 3934 2901 4012 earum

547 4072 788 4136 genere
867 4072 985 4118 eae
1060 4053 1588 4134 comparationes
1665 4055 1901 4119 breves
1979 4053 2405 4118 continentur
2470 4053 2705 4134 quibus
2772 4056 2898 4118 duo

547 4159 864 4240 subiecta,
934 4180 1204 4240 quorum
1275 4162 1358 4225 ad
1424 4165 1773 4241 utrumque
1831 4162 2100 4226 verbum
2166 4159 2583 4225 referendum
2640 4167 2741 4225 est
2803 4160 2899 4224 ita

544 4266 720 4332 inter
768 4286 838 4331 se
887 4266 1342 4347 conferuntur,
1402 4273 1476 4331 ut
1533 4267 1829 4332 alterum
1870 4286 2015 4332 cum
2072 4267 2399 4347 particula
2446 4266 2900 4348 comparativa

547 4372 1006 4457 coniungatur,
1049 4375 1329 4439 alterum
1369 4392 1446 4439 ea
1484 4382 1728 4439 careat.
1803 4374 1927 4439 His
1966 4376 2126 4438 locis
2165 4374 2621 4440 inveniuntur:
2676 4376 2778 4456 24,
2817 4375 2899 4439 15

3376 152 3407 279 ⁴.st
