3417 5059
1415 304 1856 367 —35-.

463 504 675 567 denuo
735 502 889 567 illae
949 502 1116 567 duae
1178 499 1572 582 phantasiae
1633 502 2135 579 comparantur,
2202 495 2531 561 oratoriae
2592 500 2809 561 autem

463 608 857 689 phantasiae
913 610 1103 673 finem
1162 626 1307 673 esse
1367 605 1861 687 perculsiouem,
1925 604 2224 685 poeticae
2272 601 2811 684 perspicuitatem

462 734 695 781 rerum.
788 716 891 794 36,
944 716 1027 778 22
1076 716 1156 779 de
1205 714 1428 777 eodem
1475 713 1919 778 Demosthene
1966 710 2233 791 eiusque
2280 709 2615 775 Midianae
2664 726 2811 773 ora-

464 820 663 887 tionis
704 821 1122 903 paragrapho
1161 820 1262 882 72.
1315 819 1556 903 agitur,
1600 838 1772 900 quae
1813 817 2025 883 oratio
2070 815 2495 883 tumultuario
2539 813 2813 881 adfectu

467 931 710 992 currat.
806 928 910 1009 37,
949 928 1030 991 19
1079 926 1286 1007 primo
1335 931 1403 990 et
1449 926 1650 990 tertio
1700 924 2075 991 sententiae
2118 925 2405 989 membro
2454 928 2698 987 natura
2744 926 2812 987 et

461 1054 572 1099 ars
635 1034 811 1098 inter
877 1052 946 1098 se
1013 1036 1458 1114 opponuntur,
1529 1034 1814 1097 secundo
1882 1037 1949 1096 et
2016 1036 2251 1110 quarto
2320 1029 2607 1111 scriptor
2652 1028 2812 1093 dicit

461 1142 722 1221 quando
771 1145 1052 1220 utraque
1100 1138 1442 1220 plurimum
1491 1138 1731 1203 valeat.
1824 1138 2012 1202 Illam
2060 1136 2425 1217 perfectam
2475 1155 2620 1201 esse
2667 1154 2811 1200 cum

461 1252 704 1312 natura
751 1264 897 1311 esse
942 1246 1270 1326 videatur,
1333 1246 1503 1309 hanc
1559 1264 1704 1310 cum
1769 1244 2022 1310 occulte
2070 1262 2215 1308 cum
2264 1249 2411 1308 arte
2459 1243 2814 1308 coniuncta

463 1352 565 1420 sit.
659 1354 764 1431 56,
815 1354 854 1417 8
911 1352 1102 1418 utilia
1159 1357 1226 1417 et
1273 1352 1650 1417 necessaria
1707 1370 1850 1416 cum
1897 1350 2258 1431 inopinatis
2305 1351 2501 1415 rebus
2548 1368 2811 1430 compa-

460 1464 724 1541 rantur3
791 1459 906 1524 illa
954 1458 1180 1524 facilia
1230 1460 1312 1523 ad
1359 1459 1745 1539 parandum,
1793 1457 2138 1538 inopinata
2185 1476 2441 1537 semper
2486 1455 2813 1521 mirabilia

464 1566 772 1632 dicuntur
837 1584 999 1632 esse.
1111 1567 1218 1644 56,
1288 1567 1371 1630 13
1439 1564 1807 1630 sublimitas
1872 1564 2113 1629 ceteris
2177 1566 2373 1629 rebus
2441 1563 2811 1645 opponitur.

460 1673 585 1739 His
649 1692 760 1739 eos
824 1672 936 1754 qui
993 1671 1076 1737 iis
1123 1676 1401 1737 utantur
1448 1671 1742 1736 homines
1792 1670 2100 1755 cognosci
2147 1670 2307 1736 dicit
2356 1678 2607 1748 auctor,
2668 1688 2811 1735 cum

462 1780 575 1844 illa
635 1788 716 1844 ad
775 1781 1042 1844 deorum
1088 1777 1602 1860 magnitudinem
1653 1778 2028 1842 efferantur.
2120 1778 2213 1842 Et
2262 1777 2488 1843 statim
2537 1778 2811 1842 alteram

464 1885 846 1951 antithesim
912 1883 1118 1962 addit,
1198 1904 1328 1964 qua
1405 1884 1469 1949 id
1541 1885 1716 1964 quod
1786 1884 1927 1949 sine
1996 1884 2181 1950 vitiis
2248 1889 2352 1949 est
2423 1884 2813 1949 sublimitati

465 1992 770 2074 opponit3
823 2009 968 2056 cum
1015 1990 1176 2056 illud
1221 2010 1352 2055 non
1401 1990 1838 2073 vituperetur,
1889 1992 2011 2056 hoc
2055 1991 2215 2056 dicit
2260 1991 2535 2056 laudari.
2630 1993 2735 2072 57,
2772 1993 2814 2055 4

462 2098 1101 2181 Pseudo-Longinus
1135 2116 1279 2162 eum
1301 2097 1640 2179 vituperat
1673 2103 1743 2162 et
1772 2096 2030 2162 refutat
2062 2098 2192 2178 qui,
2228 2103 2303 2163 ut
2328 2100 2813 2163 demonstraret

465 2212 766 2273 oratores
797 2204 978 2272 vitiis
1007 2204 1326 2269 immunes
1358 2204 1882 2284 praestantiores
1915 2222 2059 2269 esse
2092 2204 2173 2269 iis
2205 2206 2315 2285 qui
2339 2205 2521 2269 vitiis
2554 2205 2812 2285 quidem

461 2333 594 2379 non
631 2313 967 2387 immunes,
1004 2317 1226 2375 tamen
1257 2310 1436 2374 ultra
1465 2312 1808 2375 mortalem
1841 2310 2287 2376 condicionem
2319 2311 2536 2377 evecti
2567 2316 2809 2392 essent,

461 2419 800 2485 Colossum
845 2417 1029 2484 vitiis
1077 2416 1415 2482 adfectum
1459 2417 1784 2498 Polycleti
1836 2419 2210 2499 doryphoro
2256 2419 2813 2499 praestantiorem

461 2544 606 2591 esse
660 2531 1045 2608 negaverat.
1153 2524 1468 2606 Magnum
1537 2523 1886 2588 discrimen
1950 2524 2127 2589 inter
2184 2525 2349 2590 artis
2409 2532 2475 2590 et
2532 2532 2811 2591 naturae

461 2651 662 2713 opera
691 2631 1030 2697 interesse.
1107 2632 1188 2696 In
1217 2630 1347 2696 illis
1381 2630 1553 2695 enim
1585 2630 2011 2713 diligentiam,
2061 2630 2128 2696 in
2160 2631 2262 2698 his
2294 2633 2812 2715 magnitudinem

460 2739 688 2819 quaeri
713 2745 780 2803 et
803 2738 1146 2820 postulari.
1184 2738 1485 2802 Eundem
1518 2736 1997 2802 sententiarum
2022 2743 2315 2803 tenorem
2343 2758 2539 2819 porro
2567 2739 2811 2805 ducens

461 2846 565 2923 57,
593 2846 633 2910 6
681 2851 944 2910 statuas
978 2844 1263 2911 orationi
1297 2844 1586 2926 opponit.
1679 2844 1839 2909 Illas
1888 2844 2141 2924 quidem
2195 2845 2480 2926 aliquam
2533 2847 2812 2913 hominis

461 2951 966 3032 similitudinem,
1018 2953 1187 3017 hanc
1236 2958 1457 3017 autem
1503 2950 1572 3016 id
1619 2952 1793 3031 quod
1839 2970 1945 3016 res
1985 2952 2305 3017 humanas
2346 2960 2616 3034 superet
2653 2974 2812 3036 prae

461 3076 530 3124 se
578 3058 756 3124 ferre
801 3077 1072 3123 necesse
1119 3077 1280 3123 esse.
1386 3060 1526 3122 Iam
1575 3060 1660 3123 ad
1707 3064 2067 3124 extremam
2113 3079 2193 3124 ex
2238 3060 2336 3125 iis.-
2370 3061 2813 3127 antithesibus

459 3165 755 3231 venimus
822 3185 1095 3245 quarum
1159 3164 1224 3229 in
1294 3168 1550 3230 duabus
1615 3164 1919 3246 partibus
1985 3166 2141 3232 bina
2197 3170 2402 3233 verba
2448 3169 2553 3234 vel
2618 3168 2812 3233 binae

461 3272 766 3337 notiones
816 3272 1270 3338 conferuntur.
1363 3274 1492 3337 Est
1539 3279 1759 3336 autem
1821 3292 1901 3337 ea
1957 3293 2125 3354 quae
2186 3276 2289 3353 68,
2340 3278 2382 3339 4
2444 3275 2807 3341 exhibetur.

459 3378 558 3443 Eo
622 3378 764 3443 loco
828 3378 1113 3459 scriptor
1175 3378 1497 3445 avaritiae
1531 3379 1971 3459 voluptatem
2033 3380 2323 3461 opponit.
2415 3382 2537 3446 Illo
2585 3385 2811 3449 morbo

460 3484 756 3549 homines
803 3485 1080 3551 humiles
1127 3484 1333 3566 reddi,
1384 3486 1557 3549 hunc
1605 3487 1900 3550 morbum
1947 3486 2159 3567 ipsum
2205 3488 2511 3552 humilem
2558 3508 2721 3555 esse.

637 3592 878 3655 Restat
916 3596 993 3656 ut
1030 3593 1110 3655 de
1149 3593 1404 3656 duobus
1441 3590 1603 3656 locis
1642 3611 1936 3674 agamus,
1988 3593 2225 3672 quibus
2257 3596 2426 3659 duae
2460 3596 2811 3662 antithesis

457 3702 686 3779 partes
747 3704 942 3762 terna
985 3699 1276 3762 membra
1325 3698 1632 3779 opposita
1679 3698 2009 3776 exhibent,
2064 3700 2166 3780 15,
2194 3702 2235 3765 5
2284 3707 2351 3766 et
2403 3702 2639 3778 17,13.
2731 3706 2810 3768 In

458 3804 574 3869 illa
621 3804 937 3869 antithesi
985 3823 1130 3869 cum
1178 3804 1316 3870 deis
1366 3824 1842 3885 comparamur,
1907 3812 1974 3871 et
2019 3808 2335 3873 malorum
2382 3817 2634 3890 portus,
2701 3811 2813 3891 qui

459 3911 649 3977 nobis
697 3916 847 3992 post
895 3912 1066 3976 mala
1114 3919 1389 3992 peracta
1436 3911 1796 3991 requietem
1843 3915 2181 3994 praebeat,
2230 3914 2533 3981 miseriae
2572 3918 2810 3999 sempi-

462 4024 693 4083 ternae
742 4018 1118 4099 opponitur,
1181 4020 1536 4098 eodemque
1583 4021 1772 4084 modo
1821 4039 1995 4091 mors
2045 4022 2483 4101 sempiternae
2529 4031 2811 4089 naturae

460 4125 564 4190 vel
611 4125 808 4191 vitae.
905 4125 1090 4207 Quae
1152 4145 1258 4190 res
1320 4131 1394 4190 ut
1456 4125 1802 4192 dilucidior
1851 4128 1957 4206 sit,
2015 4128 2164 4209 ipsa
2214 4128 2557 4210 scriptoris
2607 4134 2812 4197 verba

460 4232 816 4311 apponam:
878 4232 1016 4298 ἀλλ’
1073 4236 1213 4318 ἡμῖν
1263 4236 1372 4319 μὲν
1421 4237 1928 4319 δυσδαιμονοῠσιν
1987 4239 2309 4302 ἀπόκειται
2367 4239 2547 4324 λιμὴν
2595 4250 2811 4306 κακῶν

460 4341 494 4402 ὁ
533 4340 824 4421 θάνατος,
874 4350 995 4403 τῶν
1045 4342 1213 4405 θεῶν
1262 4342 1296 4403 δ
1336 4344 1406 4403 οὐ
1447 4346 1556 4425 τὴν
1592 4344 1793 4426 φύσιν,
1844 4345 2008 4407 ἀλλὰ
2045 4348 2154 4428 τὴν
2193 4345 2451 4429 ἀτυχίαν
2492 4342 2810 4432 [Ὅμηρος]

2416 4466 2490 4519 3*
