3417 5059
581 535 934 600 liberorum
983 535 1172 601 nobis
1222 541 1705 617 proponuntur,
1754 541 1828 600 ut
1877 535 1980 615 34,
2028 538 2060 601 1
2113 534 2433 616 insipiens
2482 554 2645 616 puer
2690 535 2803 616 qui
2847 536 2932 600 ab

580 642 797 724 aliquo
847 643 1190 724 decipitur,
1242 643 1347 708 vel
1394 644 1499 723 45,
1536 645 1575 707 2
1625 642 1938 723 puerulus
1987 642 2053 706 in
2104 642 2288 708 cuius
2337 662 2448 708 ore
2494 662 2735 726 magna
2782 662 2931 723 per-

580 769 744 815 sona
790 750 923 814 fixa
970 755 1090 815 est.
1187 749 1398 831 Quam
1459 748 2017 829 comparationem
2080 748 2223 814 sine
2283 749 2478 815 dubio
2528 750 2612 814 ab
2661 755 2933 814 auctore

581 876 661 922 ex
719 863 866 922 arte
915 862 1241 937 sumptam
1289 855 1543 922 Birtius
1599 856 1757 921 mihi
1804 855 1971 921 dixit
2019 857 2491 937 marmorisque
2537 857 2932 922 mentionem

580 962 743 1028 fecit
802 983 928 1043 qno
989 982 1153 1043 puer
1213 963 1324 1043 qni
1372 982 1720 1044 personam
1769 969 1925 1029 ante
1992 982 2063 1027 os
2113 968 2298 1028 tenet
2346 963 2634 1047 fingitur.
2728 964 2929 1029 Ratio

579 1089 776 1150 porro
841 1089 1008 1149 qnae
1070 1070 1245 1135 inter
1307 1089 1544 1151 corpus
1607 1077 1676 1135 et
1736 1069 2021 1135 animum
2080 1069 2435 1136 intercedit
2493 1069 2709 1136 tribus
2770 1071 2930 1135 locis

580 1176 896 1259 tangitur.
990 1178 1152 1242 Nam
1202 1178 1308 1256 23,
1347 1178 1428 1241 15
1476 1177 1587 1257 qui
1633 1196 1715 1240 ex
1764 1176 2115 1259 generibus
2164 1177 2719 1261 exaggerationis»,
2769 1198 2931 1258 quo-

579 1303 721 1349 rnm
767 1283 930 1348 nihil
977 1283 1119 1349 sine
1169 1283 1572 1350 sublimitate
1603 1283 1972 1364 perfectum
2004 1283 2111 1363 sit,
2163 1288 2625 1365 praeterquam
2656 1284 2723 1349 in
2758 1304 2930 1349 com-

576 1390 1002 1457 miseratione
1043 1398 1241 1472 atque
1281 1390 1466 1456 tenui
1504 1390 1763 1456 dicendi
1797 1410 2057 1473 genere,
2101 1392 2565 1457 sublimitatem
2600 1392 2929 1471 detrahat,

576 1498 632 1563 is
694 1503 1028 1578 tamquam
1092 1498 1294 1565 vitam
1355 1517 1392 1562 e
1453 1517 1727 1578 corpore
1789 1497 2071 1564 eximere
2132 1498 2393 1563 dicitur.
2488 1499 2547 1563 E
2597 1497 2930 1563 contrario

578 1606 682 1685 44,
737 1606 819 1668 19
881 1605 1167 1686 scriptor
1227 1606 1308 1670 de
1382 1590 1601 1670 anima
1660 1604 1972 1686 loquitur,
2052 1624 2220 1684 quae
2264 1605 2542 1685 ‘corpori
2602 1604 2930 1670 iniciatur.

577 1713 772 1777 Hunc
822 1719 1041 1777 autem
1090 1712 1374 1778 animum
1422 1711 1616 1776 etiam
1668 1712 1853 1778 varie
1902 1712 2233 1777 adfectum
2281 1711 2473 1777 nobis
2512 1717 2668 1776 ante
2708 1712 2931 1777 oculos

578 1818 783 1899 ponit.
862 1820 1098 1900 Itaque
1147 1818 1450 1885 servilem
1496 1825 1782 1883 mentem
1814 1820 1919 1900 67,
1956 1820 1995 1882 5
2045 1818 2363 1902 depingit,
2415 1819 2700 1884 animum
2748 1819 2930 1900 cupi-

578 1924 788 1991 ditate
836 1926 1120 1992 habendi
1167 1933 1236 1991 et
1282 1926 1628 2007 voluptate
1675 1932 1942 2007 captum
1992 1928 2095 2003 68,
2151 1931 2207 2007 1,
2269 1927 2516 1991 ebrium
2566 1927 2931 1992 sobriorum

579 2032 782 2098 risum
828 2040 1199 2099 moventem
1238 2035 1300 2114 6,
1341 2034 1440 2101 13.
1523 2032 1778 2115 Quibus
1812 2033 2056 2115 opponi
2087 2039 2366 2114 possunt
2401 2033 2511 2113 qui
2544 2033 2671 2100 alio
2705 2033 2932 2099 furore

577 2140 758 2220 capti
806 2146 979 2217 sunt,
1030 2146 1103 2205 nt
1135 2139 1380 2223 Pythia
1429 2160 1596 2220 quae
1630 2139 1876 2221 tripodi
1908 2141 2416 2221 adpropinquat,
2467 2140 2578 2206 ubi
2628 2160 2663 2206 e
2711 2145 2931 2206 terrae

576 2246 765 2312 hiatu
813 2246 1075 2312 divinus
1123 2247 1344 2313 fumus
1393 2248 1761 2328 exhalatur,
1822 2255 1891 2312 et
1948 2247 2229 2331 gravida
2274 2248 2343 2313 vi
2391 2247 2618 2314 divina
2666 2249 2932 2313 oracula

577 2352 894 2419 divinitus
960 2352 1182 2419 fundit
1242 2356 1371 2438 (25,
1424 2356 1553 2439 26).
1660 2353 1901 2421 Similis
1964 2354 2152 2420 furor
2211 2361 2278 2419 et
2336 2354 2597 2420 divinus
2657 2355 2931 2436 spiritus

581 2461 682 2540 12,
719 2462 759 2525 5
800 2460 1198 2543 depingitur,
1251 2467 1318 2525 et
1357 2462 1461 2543 32,
1499 2464 1538 2527 6
1579 2463 2058 2527 Demosthenes
2093 2463 2212 2527 deo
2248 2461 2533 2528 adflatus
2567 2466 2634 2528 et
2666 2463 2931 2527 Phoebo

577 2567 810 2648 plenus
874 2566 1172 2633 similiter
1229 2586 1307 2633 ac
1355 2570 1461 2650 50,
1512 2570 1552 2633 3
1601 2569 1795 2633 Plato
1846 2569 2171 2655 dicitur1).
2264 2571 2356 2636 Et
2405 2589 2547 2635 cnm
2597 2570 2703 2649 35,
2757 2570 2839 2632 14
2887 2568 2933 2633 ii

576 2674 687 2755 qui
736 2675 820 2738 ab
866 2674 1438 2757 interrogantibus
1487 2676 1749 2741 accensi
1783 2677 2089 2742 celeriter
2121 2695 2202 2742 ex
2236 2677 2565 2757 animique
2598 2675 2931 2742 sententia

575 2783 980 2862 respondent
1012 2789 1616 2863 commemorentur,
1668 2784 1773 2864 37,
1816 2786 1856 2848 9
1907 2784 2039 2849 alia
2086 2784 2464 2851 observatio
2514 2786 2597 2849 ad
2648 2783 2929 2848 animum

577 2895 889 2968 spectans
937 2889 1246 2970 refertur,
1313 2909 1442 2969 qua
1489 2909 1646 2955 vere
1707 2891 1865 2955 irati
1912 2896 2029 2956 aut
2078 2896 2447 2957 metuentes
2494 2896 2612 2955 aut
2660 2896 2933 2971 propter

577 2995 1078 3061 aemulationem
1123 2997 1228 3061 vel
1275 2996 1472 3061 aliam
1520 3016 1787 3062 causam
1834 2997 2258 3081 indignantes
2306 3018 2561 3080 semper
2608 3018 2648 3061 a
2696 3003 2933 3078 coepta

580 3101 690 3167 via
723 3103 1037 3167 aberrare
1069 3109 1156 3181 et,
1208 3118 1350 3168 cum
1385 3103 1516 3167 alia
1549 3104 2037 3186 proposuerint,
2085 3105 2315 3171 mediis
2355 3105 2741 3185 quibusdam
2791 3103 2932 3168 sine

575 3227 777 3273 causa
822 3208 1188 3273 interiectis
1237 3212 1322 3275 ad
1369 3210 1500 3274 alia
1539 3211 1929 3290 transsilire,
1979 3217 2114 3276 tum
2149 3213 2231 3276 ad
2263 3212 2455 3277 initia
2487 3210 2751 3291 reverti,
2788 3210 2930 3292 agi-

574 3314 829 3380 tatione
878 3315 1077 3380 animi
1125 3322 1457 3396 tamquam
1506 3317 1795 3397 procella
1843 3319 1971 3382 huc
2017 3317 2171 3383 illuc
2203 3319 2505 3384 celeriter
2536 3318 2731 3394 trahi,
2783 3336 2929 3384 ver-

576 3424 792 3501 baque
841 3428 911 3487 et
947 3442 1054 3487 res
1093 3429 1161 3487 et
1201 3424 1567 3488 naturalem
1608 3429 1988 3490 structurae
2029 3426 2319 3489 ordinem
2358 3424 2703 3506 multiplici
2740 3426 2928 3489 modo

582 3527 892 3594 dicuntur
950 3529 1312 3596 immutare.

756 3635 914 3702 Illas
976 3636 1119 3701 fere
1175 3636 1495 3721 imagines
1554 3644 1789 3703 auctor
1851 3640 1935 3704 ab
1995 3639 2274 3704 hominis
2335 3658 2454 3720 per
2514 3657 2584 3704 se
2645 3638 2931 3720 spectati

575 3761 850 3823 corpore
923 3750 989 3808 et
1056 3744 1271 3809 animo
1339 3745 1557 3825 duxit;
1640 3744 1807 3810 alias
1874 3753 2093 3828 atque,
2170 3753 2244 3811 ut
2309 3746 2436 3811 iam
2504 3765 2705 3827 supra
2772 3745 2925 3827 dixi,

572 3849 883 3914 maiorem
949 3857 1205 3931 partem
1266 3871 1300 3915 e
1363 3851 1685 3917 societate
1742 3854 2049 3932 humana,
2114 3873 2149 3918 e
2208 3853 2469 3918 ratione
2530 3872 2699 3934 quae
2754 3852 2931 3918 inter
2985 3937 2990 3942 ι

761 4044 804 4111 1)
845 4046 1048 4100 Auctor
1085 4047 1142 4099 in
1180 4048 1456 4101 vocabulis
1494 4048 1690 4115 quibus
1717 4048 1935 4102 divinus
1961 4048 2113 4102 furor
2138 4049 2599 4103 circumscribitur
2623 4048 2927 4101 adferendis

575 4134 779 4187 multus
826 4140 927 4201 est,
976 4135 1128 4189 velut
1179 4138 1260 4205 12,
1301 4138 1334 4190 6
1381 4140 1630 4202 φοιβάζον
1677 4137 1903 4206 legitur,
1952 4139 2035 4207 16,
2078 4140 2144 4193 16
2190 4140 2413 4205 Ὅμηρος
2452 4140 2623 4204 οὔριος
2662 4146 2931 4204 συνεμπνεῖ

573 4232 680 4285 τοῖς
709 4228 919 4290 ἀγῶσιν,
957 4226 1042 4292 25,
1072 4226 1141 4279 26
1183 4228 1443 4292 ἀλλοτρίῳ
1483 4229 1867 4292 θεοφοροῦνται
1905 4230 2181 4293 πνεὺμοιτι,ν
2209 4228 2294 4296 26,
2320 4228 2355 4281 3
2380 4230 2646 4294 ἐγκύμονα
2686 4234 2777 4293 τῆς
2818 4232 2926 4279 δαι·

574 4318 750 4377 μονίου
800 4316 1188 4381 καθισταμένην
1237 4319 1515 4381 δυνάμεως,
1564 4315 1650 4383 26,
1691 4318 1723 4369 ’7
1771 4320 2143 4382 ἐπιπνεόμενοι,
2195 4316 2325 4371 ibid.
2374 4320 2717 4382 φοιβαστικοί,
2770 4317 2855 4385 26,
2893 4316 2928 4369 8

574 4408 645 4467 τῷ
683 4404 872 4466 ἑτέρων
911 4405 1306 4455 συνενθουσιῶσι
1345 4407 1574 4471 μεγέθει,
1613 4406 1699 4474 32,
1740 4407 1774 4458 6
1811 4408 2162 4471 ἐμπνευσθείς,
2202 4405 2327 4458 alia.
