3417 5059
603 535 984 601 exhibemus
1047 535 1280 616 quibus
1343 538 1517 601 solus
1577 535 2195 617 Pseudo-Longinus
2255 534 2520 601 videtur
2566 552 2724 599 usus
2774 552 2950 611 esse3

602 642 704 708 his
752 662 965 724 pauca
1013 643 1309 707 addimus
1358 662 1526 722 quae
1575 649 1692 708 aut
1749 661 1829 706 ea
1888 641 2369 725 significatione
2427 646 2543 705 aut
2605 660 2684 705 ea
2742 640 2954 706 forma

602 770 733 829 qua
795 750 972 830 apud
1027 748 1697 831 Pseudo-Longinum
1752 749 2083 831 leguntur,
2150 748 2314 813 alias
2374 766 2505 813 non
2567 747 2954 813 invenimus

604 858 769 921 Tum
815 873 1093 937 magnus
1141 873 1450 920 numerus
1489 874 1712 921 eorum
1754 855 2052 935 sequitur
2090 855 2325 935 quibus
2358 874 2491 919 non
2529 853 2717 919 multi
2750 854 2953 935 serip-

604 969 785 1028 tores
855 968 1124 1043 praeter
1191 980 1585 1043 anonymum
1647 962 1751 1027 usi
1813 968 1983 1027 sunt.
2098 961 2258 1026 Cum
2323 966 2542 1025 autem
2606 961 2813 1025 multa
2875 981 2957 1025 ex

601 1068 684 1135 iis
761 1068 1100 1135 vocabulis
1177 1067 1378 1133 etiam
1457 1070 1632 1149 apud
1708 1069 2055 1133 Platonem
2140 1073 2257 1134 aut
2332 1068 2760 1133 Plutarchum
2838 1075 2953 1133 aut

603 1175 950 1257 Polybium
1005 1175 1449 1256 inveniantur,
1515 1177 1600 1240 ad
1659 1174 1729 1239 id
1786 1175 2288 1258 significandum
2333 1176 2456 1239 Pla
2503 1180 2620 1239 aut
2666 1174 2791 1240 Plu
2839 1180 2954 1239 aut

604 1283 700 1347 Po
765 1282 955 1347 iuxta
1021 1282 1346 1348 voeabula
1410 1281 1762 1363 posuimus.
1855 1283 2095 1348 Totum
2164 1301 2503 1347 numerum
2567 1280 2663 1345 ita
2729 1280 2953 1347 divisi-

601 1410 764 1471 muS‚
806 1396 880 1455 ut
914 1388 1253 1456 vocabulis
1287 1388 1688 1469 simplicibus
1724 1389 2085 1470 composita
2129 1408 2603 1470 opponeremus
2637 1393 2703 1453 el:
2740 1387 2853 1452 illa
2888 1388 2955 1453 in

602 1499 824 1577 verba,
862 1496 1302 1575 substantiva,
1340 1495 1668 1561 adiectiva
1707 1495 2253 1575 discerneremus3
2294 1496 2457 1560 haee
2494 1495 2593 1560 ita
2630 1494 2955 1575 disposui-

601 1623 744 1669 mus
793 1610 867 1669 ut
899 1602 1105 1683 primo
1138 1603 1280 1667 loco
1314 1602 1638 1668 vocabula
1671 1602 1907 1681 quibus
1941 1603 2139 1669 cz-vel
2185 1601 2716 1682 ‹xv-privativum
2763 1621 2955 1682 prae-

602 1709 799 1775 fixum
839 1716 940 1774 est
975 1709 1458 1788 collocaremUS‚
1510 1708 1746 1774 deinde
1795 1727 1873 1773 ea
1920 1709 2154 1789 quibus
2202 1728 2335 1775 una
2382 1714 2498 1773 aut
2546 1711 2716 1774 duae
2762 1728 2956 1790 prae-

602 1816 964 1897 positiones
997 1818 1417 1897 anteoedunt,
1471 1815 1668 1880 tertio
1717 1816 1859 1880 loeo
1909 1834 1987 1881 ea
2019 1835 2186 1898 quae
2220 1836 2299 1881 ex
2332 1816 2585 1881 duobus
2618 1815 2957 1882 vocabulis

603 1922 1201 2004 praepositionibus
1236 1922 1530 2003 exceptis
1564 1922 1926 2003 composita
1959 1930 2141 2002 sunt3
2178 1922 2473 1988 omnibus
2507 1928 2725 1988 autem
2757 1942 2956 1989 voea-

602 2030 757 2095 bula
805 2034 922 2095 aut
971 2028 1184 2094 forma
1223 2036 1339 2095 aut
1377 2029 1710 2094 sententia
1750 2036 1868 2094 aut
1907 2028 2120 2094 forma
2160 2037 2227 2094 et
2267 2030 2599 2095 sententia
2636 2048 2956 2095 memora-

603 2135 758 2201 bilia
807 2136 1252 2201 adnexuimus.

1291 2260 1562 2338 Index
1619 2261 2268 2337 vocabulorum.

799 2387 876 2451 A.
928 2385 1250 2451 voeabula
1299 2385 1532 2465 quibus
1870 2386 1919 2438 3.
1961 2388 2179 2451 ἀπακμή
2218 2386 2267 2449 9,
2310 2386 2375 2438 14

603 2492 1242 2574 Pseudo-Longinus
1264 2492 1440 2557 solus
1462 2491 1725 2558 videtur
1870 2475 1919 2577 ⁴}-
1962 2476 2296 2580 ἀπθζίῦλωμα
2334 2476 2419 2538 40,
2458 2475 2490 2526 4

1870 2578 1918 2616 ο.
1958 2565 2223 2615 ἐκπαθεια
2258 2564 2345 2628 38,
2384 2564 2417 2616 3

981 2618 1139 2664 usus
1189 2617 1349 2663 esse'
1869 2651 1919 2706 6.
1959 2656 2226 2718 ἐξὲρεισμα
2262 2652 2348 2716 40,
2389 2654 2420 2705 4

1029 2731 1062 2785 Ι.
1112 2732 1307 2785 verba:
1353 2734 1360 2739 ’
1870 2743 1921 2795 7.
1958 2745 2300 2807 ἐποικονομία
2340 2742 2420 2805 11,
2460 2743 2492 2794 2

641 2823 687 2874 1.
729 2826 1020 2888 ἀντανοίγω
1056 2822 1142 2884 34,
1182 2819 1272 2887 4¹)
1868 2830 1918 2884 8.
1958 2832 2186 2881 εὐπίνεια
2222 2832 2308 2894 30,
2350 2832 2377 2883 1

638 2912 687 2965 2.
729 2914 1122 2976 ἀντισυμμαχέω
1159 2911 1244 2973 17,
1289 2911 1312 2961 1
1869 2921 1918 2972 9.
1958 2924 2235 2984 ὀνομάτων
2264 2921 2349 2983 43,
2389 2922 2421 2973 2

637 3001 689 3054 3.
732 3002 1159 3066 διακληρονομὲω
1201 2999 1284 3061 12,
1324 2998 1355 3049 4
1835 3009 1918 3062 10.
1957 3014 2250 3075 τοπηγορία
2288 3010 2371 3072 11,
2411 3010 2443 3061 2

639 3091 686 3142 4.
728 3091 1113 3154 διαριστεὺομαι
1152 3088 1234 3151 13,
1275 3089 1308 3139 4
2180 3116 2253 3168 m·
2304 3116 2603 3170 adjectiva:

637 3180 686 3231 5.
728 3181 1076 3243 δυσδαιμονέω
1115 3178 1166 3240 9,
1206 3177 1235 3228 7
1871 3206 1919 3257 1·
1960 3206 2316 3270 &apenfissoaog
2354 3205 2403 3267 8,
2446 3205 2474 3256 1

638 3267 686 3321 6·
726 3270 1048 3335 καταφέγγω
1085 3266 1170 3329 34²
1210 3267 1243 3317 4
1870 3294 1918 3345 2.
1960 3296 2230 3359 ἀπὸψυχος
2271 3294 2352 3357 15,
2391 3293 2426 3347 8

640 3358 689 3409 7.
727 3358 1174 3422 προεμφανίζομαι
1214 3356 1297 3417 17,
1337 3354 1370 3407 3
1871 3381 1919 3434 3⁶
1960 3384 2226 3449 ἐναλήθης
2266 3384 2348 3446 15,
2387 3381 2421 3434 8

637 3446 687 3500 8.
725 3445 1176 3511 προσοπιθοάομαι
1214 3442 1300 3506 30,
1342 3444 1370 3495 1

638 3536 687 3588 9.
725 3536 1218 3599 προσπεριορίζομαι
1255 3532 1340 3594 28,
1379 3532 1412 3584 3

604 3624 687 3677 10.
729 3625 1016 3688 συνεμπνὲω
1055 3622 1105 3685 9,
1146 3623 1209 3673 11

604 3712 687 3765 11.
728 3714 1043 3777 μικροποιὲω
1081 3710 1166 3773 41,
1209 3711 1237 3762 1

606 3802 687 3854 12.
727 3804 1033 3866 συομορερὲω
1070 3799 1121 3863 9,
1164 3801 1228 3851 14

603 3890 688 3943 13.
727 3892 1082 3955 φορταγωγὲω
1121 3889 1206 3952 43,
1247 3889 1278 3940 4

1870 3472 1919 3524 4.
1959 3473 2336 3537 εὐπάλαιστρος
2374 3473 2460 3535 34,
2501 3473 2533 3524 2

1870 3561 1917 3612 5.
1957 3564 2335 3623 καινὸσπουδος
2370 3561 2403 3613 5

1871 3649 1920 3702 6.
1959 3651 2300 3715 κατάρυθμος
2338 3650 2423 3712 41,
2466 3650 2489 3702 1

1874 3740 1920 3791 7.
1959 3742 2418 3804 κατασημαντικός
2456 3739 2541 3802 32,
2582 3740 2614 3792 5

1760 3860 1765 3865 -
1871 3826 1920 3879 8.
1962 3829 2311 3893 μεγεθοποιός
2349 3827 2434 3890 39,
2475 3828 2508 3878 4

1870 3917 1919 3968 9.
1959 3920 2262 3981 μικροποιός
2299 3916 2383 3979 43,
2423 3916 2456 3968 6

916 4002 969 4057 ΙΙ.
1018 4004 1406 4059 substantiva:
1835 4004 1918 4057 10.
1956 4009 2239 4071 ποκοειδής
2283 4007 2362 4068 15,
2401 4007 2435 4058 5

640 4094 687 4145 1.
729 4097 932 4159 ἀναχοή
972 4093 1057 4156 35,
1097 4095 1130 4145 4
1838 4094 1917 4145 11.
1957 4096 2276 4160 ὑψηλοποιός
2315 4095 2399 4158 28,
2443 4096 2467 4146 1

639 4182 688 4234 2.
730 4184 1008 4249 ἀπαὺξησις
1049 4183 1097 4246 7,
1136 4183 1170 4234 3
1834 4184 1916 4235 12.
1957 4184 2297 4249 ὖψηλοφανής
2334 4183 2418 4246 24,
2459 4184 2487 4235 1

782 4290 826 4372 1”)
866 4306 930 4358 In
967 4306 1069 4359 hae
1107 4307 1491 4360 vocabulorum
1521 4306 1926 4360 enumerat-ione
1956 4305 2159 4359 talibus
2190 4322 2537 4359 numerorum
2566 4306 2741 4373 signis
2768 4305 2954 4373 capita

601 4400 662 4446 et
698 4394 1028 4463 paragraphi
1065 4394 1394 4449 indicantur.

3362 2350 3411 2465 ΑΙ
