3417 5059
408 524 614 588 totius
647 524 1020 589 sententiae
1053 521 1438 601 meminerit,
1489 522 1880 602 praesertim
1930 539 2075 585 cum
2107 519 2524 601 parenthesis
2554 520 2763 585 inter-

407 630 627 711 posita
677 629 781 696 sit.
852 629 1040 711 Quae
1088 647 1231 693 cum
1278 628 1376 693 ita
1427 628 1578 707 siut,
1631 627 2119 693 anacoluthiam
2167 645 2359 706 quam
2408 626 2763 707 parenthe-

408 737 530 801 sim
592 742 887 802 statuere
943 736 1131 799 malo,
1224 735 1424 799 Aliud
1488 734 1851 814 exemplum
1900 735 2004 813 54,
2058 735 2095 796 7
2146 740 2265 799 est.
2365 731 2469 797 Ibi
2530 737 2765 796 auctor

408 844 747 924 periodum
781 862 862 906 ex
894 841 1352 906 enuntiatione
1385 841 1796 920 secundaria,
1833 840 1939 905 cui
1971 842 2300 927 ἐπειδήπερ
2334 842 2763 920 praemissum

409 955 532 1028 est,
584 955 652 1013 et
700 930 1033 1029 primaria,
1085 948 1191 1012 cui
1237 952 1338 1015 διὰ
1383 961 1563 1017 τοῦτο
1604 947 2159 1028 praemitteretur,
2210 946 2457 1029 fingere
2504 946 2569 1011 in
2620 945 2763 1011 ani-

408 1075 511 1120 mo
544 1055 794 1120 habuit.
877 1056 1003 1121 Sed
1043 1073 1205 1135 cum,
1248 1073 1379 1134 qua
1413 1054 1890 1119 sententiarum
1924 1052 2335 1119 abundantia
2366 1057 2488 1131 est,
2530 1070 2763 1117 secun·-

409 1161 639 1226 dariae
687 1162 1060 1226 sententiae
1108 1179 1416 1242 magnum
1464 1161 1931 1225 vocabulorum
1979 1178 2317 1224 numerum
2366 1158 2759 1238 adiunxerit,

409 1275 548 1332 tam
604 1268 800 1351 longe
863 1269 947 1332 ab
1005 1266 1314 1331 instituto
1377 1266 1704 1332 orationis
1761 1266 1999 1330 itinere
2056 1264 2351 1346 recessit,
2420 1271 2495 1329 ut
2551 1284 2621 1330 se
2678 1266 2763 1331 ad

407 1375 600 1439 finem
650 1393 780 1439 non
830 1378 1298 1455 perventurum
1348 1392 1493 1437 esse
1533 1372 1997 1452 arbitraretur,
2048 1371 2176 1436 uisi
2224 1372 2308 1435 ad
2354 1370 2611 1435 initium
2658 1390 2761 1435 re-

409 1479 1224 1560 vertereturrepetitaque
1251 1483 1459 1565 ἐπειδὴ
1495 1478 1957 1544 coniunctione
1988 1497 2225 1544 novam
2250 1478 2425 1543 viam
2449 1476 2572 1542 sibi
2605 1496 2763 1557 ape-

409 1588 590 1653 riret.
647 1586 774 1652 Hic
808 1586 1004 1651 etiam
1039 1588 1168 1652 duo
1201 1586 1296 1649 illi
1325 1585 1453 1651 loci
1477 1585 2023 1650 commemorandi
2055 1590 2211 1649 sunt
2242 1603 2407 1665 quos
2427 1584 2763 1649 Vahlenus

409 1694 480 1758 in
509 1693 722 1758 iudice
747 1693 1101 1758 lectionum
1127 1692 1546 1757 hibernarum
1568 1692 2086 1757 Berolinensium
2115 1711 2170 1756 a.
2193 1689 2763 1756 MDCCCLXXX.

411 1800 498 1881 (p.
531 1802 572 1863 4
607 1804 672 1864 et
706 1799 772 1884 5)
808 1800 1150 1883 eleganter
1185 1798 1524 1864 tract-avit.
1608 1798 1951 1879 Equidem,
1990 1817 2132 1863 cum
2166 1798 2339 1891 illius
2372 1795 2765 1879 philologiae

411 1906 737 1971 antistitis
785 1905 1358 1971 ratiocinationem
1408 1923 1722 1985 superare
1769 1923 2107 1985 nequeam,
2160 1922 2273 1969 eas
2321 1908 2547 1984 partes
2596 1921 2763 1982 quae

409 2014 536 2077 huc
585 2017 912 2092 spect-ant,
979 2013 1062 2076 ad
1111 2014 1381 2077 verbum
1430 2010 1802 2076 describere
1850 2030 1981 2075 non
2030 2010 2275 2076 dubito.
2367 2010 2513 2075 Hoc
2558 2008 2765 2091 igitur

411 2118 720 2183 iudicium
766 2120 847 2183 de
895 2120 1106 2183 altero
1146 2116 1277 2201 (59,
1324 2119 1430 2201 18)
1481 2117 1676 2183 facit:
1731 2118 1832 2198 ,In
1878 2116 2274 2199 paucissima
2321 2116 2565 2180 collata
2613 2134 2763 2181 sen-

413 2225 626 2290 tentia
673 2226 837 2289 haec
885 2230 1023 2290 est:
1076 2230 1146 2289 οὒ
1193 2230 1313 2311 γὰρ
1357 2228 1544 2303 αὐλὸς
1593 2230 1702 2311 μὲν
1737 2227 2015 2311 ἐντίθησι
2048 2227 2250 2310 πάθη,
2299 2228 2339 2309 ἡ
2374 2228 2441 2289 δὲ
2473 2226 2765 2301 σύνθεσις

413 2336 530 2397 οὐκ
564 2333 878 2418 ἐντίθησιν
909 2331 1014 2397 Vel
1045 2338 1154 2417 τὴν
1188 2334 1480 2398 σύνθεσιν
1513 2336 1629 2397 οὐκ
1663 2334 1927 2417 οἰόμεθα
1960 2332 2283 2397 ἐντιθέναι.
2348 2329 2475 2394 Sed
2505 2368 2593 2375 —
2625 2348 2763 2393 mu-

415 2443 557 2502 tato
617 2438 875 2503 dicendi
931 2439 1120 2502 modo
1180 2438 1248 2503 in
1308 2438 1521 2503 altera
1579 2443 1775 2518 parte
1821 2436 2257 2519 interrogatio
2308 2454 2453 2499 cum
2500 2436 2761 2501 conclu-

415 2544 596 2608 sione
635 2544 846 2609 inlata
884 2550 1006 2625 est,
1058 2564 1184 2623 quo
1235 2543 1418 2609 facto
1461 2582 1543 2589 -
1581 2544 1851 2627 negatio
1900 2562 2068 2623 quae
2117 2543 2203 2607 ad
2250 2544 2453 2607 solam
2492 2542 2764 2623 primam

415 2655 672 2730 partem
704 2651 1302 2731 comprehensionis
1335 2650 1668 2730 pertinere
1699 2670 1833 2715 non
1868 2656 2110 2731 potest,
2160 2650 2245 2714 ab
2294 2650 2506 2713 altera
2546 2655 2764 2714 autem

415 2775 686 2836 prorsus
721 2756 1020 2821 seiuncta
1060 2762 1181 2837 est,
1233 2776 1361 2821 nou
1401 2756 1701 2842 habelah
1743 2756 2001 2821 omnino
2041 2775 2168 2836 quo
2206 2754 2583 2820 referatur‘.
2664 2756 2765 2821 Do

411 2862 621 2927 altero
670 2864 797 2943 (69,
834 2865 898 2944 4)
946 2868 1164 2928 autem
1211 2863 1354 2927 loco
1387 2872 1737 2943 postquam
1769 2862 1935 2927 dixit
1968 2863 2286 2942 quomodo
2318 2870 2553 2926 auctor
2585 2862 2762 2945 cogi-

415 2969 731 3034 tationem
791 2969 1215 3035 formavisset
1271 2971 1434 3034 haec
1491 2968 1746 3035 adfert:
1836 2969 2331 3051 ,Progrediente
2380 2986 2675 3033 sermone
2724 2988 2764 3032 a

415 3081 650 3156 coepta
699 3076 956 3141 ratione
1005 3075 1340 3159 digressus
1389 3076 1665 3141 alteram
1715 3085 1968 3157 partem
2004 3094 2122 3156 per
2152 3074 2759 3157 interrogationem,

415 3181 834 3247 conclusione
881 3183 1074 3248 etiam
1127 3181 1518 3264 significata,
1571 3183 1825 3247 extulit.
1918 3183 2027 3246 Ita
2076 3180 2328 3246 factum
2374 3186 2478 3246 est
2526 3186 2600 3246 ut
2647 3200 2761 3245 ne-

415 3288 596 3371 gatio
647 3288 967 3369 principio
1017 3288 1339 3353 collocata
1388 3308 1559 3369 quae
1606 3295 1953 3369 utramque
1992 3287 2387 3353 sententiam
2422 3288 2766 3368 complecti

416 3395 700 3459 debebat
745 3394 873 3459 iam
923 3414 1040 3459 suo
1090 3395 1303 3459 officio
1353 3415 1483 3460 non
1535 3394 1860 3477 fungatur
1908 3400 1972 3459 et
2022 3396 2346 3475 pendeat‘.

594 3501 672 3564 In
704 3502 928 3565 eodem
960 3501 1314 3583 figurarum
1356 3520 1596 3584 genere
1636 3521 1763 3582 quo
1813 3500 2236 3566 anacoluthia
2284 3498 2763 3581 parenthesis¹)

417 3606 646 3687 reponi
679 3607 866 3687 solet,
903 3626 1097 3687 quam
1131 3607 1576 3689 Quintilianus
1609 3607 2178 3688 interpositionem
2209 3608 2315 3672 vel
2346 3607 2761 3672 interclusio-

593 3746 634 3815 1)
681 3748 1031 3801 Roschattius
1078 3748 1134 3799 in
1183 3748 1318 3802 actis
1365 3749 1551 3801 semin.
1600 3748 1787 3816 philol.
1837 3748 2059 3817 Erlang.
2116 3750 2183 3817 (a.
2225 3747 2763 3813 MDCCCLXXXIV,

415 3854 464 3902 p.
507 3836 623 3890 189.
685 3836 820 3905 sqq.)
875 3836 1170 3905 diligenter
1223 3838 1286 3891 de
1342 3838 1749 3905 parenthesium
1805 3853 1940 3903 quae
1996 3838 2053 3890 in
2122 3836 2453 3890 orationibus
2506 3842 2561 3890 et
2612 3836 2765 3889 libris

417 3925 697 3978 rhetoricis
718 3925 988 3978 Ciceronis
1008 3931 1230 3980 exstant
1241 3944 1341 3979 usu
1363 3929 1496 3996 egit.
1537 3929 1706 3994 Quem
1728 3932 1947 3981 secutus
1968 3942 2088 3979 cum
2109 3943 2157 3979 a.
2170 3926 2763 3979 MDCCCLXXXVHI.

417 4014 590 4067 Birtio
649 4020 897 4068 monente
953 4015 1151 4067 sodalis
1208 4016 1395 4071 semin.
1453 4017 1636 4083 philol.
1661 4064 1668 4071 .
1690 4017 1969 4085 Marpurg.
2026 4016 2373 4083 parentheses
2430 4030 2565 4080 quae
2622 4016 2765 4095 apud

416 4102 776 4171 Apollonium,
803 4104 1096 4172 Catullum,
1125 4105 1448 4173 Vergilium,
1478 4104 1732 4158 Ovidium
1758 4106 1994 4171 (metam.
2020 4108 2066 4159 1.
2091 4104 2162 4174 2.)
2190 4111 2408 4158 exstant
2429 4104 2765 4172 collegissem

415 4196 470 4244 et
521 4191 914 4261 disposuissem,
964 4193 1065 4245 hac
1112 4192 1406 4246 disserendi
1459 4194 1734 4246 occasione
1788 4210 1915 4246 usus
1964 4194 2131 4247 etiam
2182 4194 2246 4246 de
2293 4192 2765 4261 Pseudo—Longini

414 4280 825 4346 parenthesibus
876 4298 1037 4349 agere
1091 4282 1254 4345 volui,
1318 4298 1655 4350 quamquam,
1720 4298 1786 4335 ne
1841 4281 2036 4351 longus
2068 4290 2277 4346 essem,
2332 4298 2532 4349 paucas
2582 4283 2646 4335 de
2698 4281 2765 4334 iis

415 4368 813 4422 observationes
851 4369 991 4424 dedi.
