3417 5059
1521 389 1918 451 -6-

1689 584 1755 651 Ι.

725 709 824 773 Ac
889 708 1165 789 primum
1231 708 1486 788 quidem
1552 708 1890 774 videamus
1955 729 2106 774 num
2176 716 2410 775 auctor
2475 716 2897 791 praeceptum

549 833 674 894 quo
726 820 1024 879 oratores
1071 820 1292 879 monet
1339 820 1414 879 ut
1461 814 1744 879 animum
1794 815 1877 880 ad
1918 816 2383 881 sublimitatem
2430 817 2669 882 tollant
2715 837 2899 899 mag-

547 919 781 1000 nisque
840 920 1187 985 sententiis
1250 920 1591 1000 gravidum
1650 922 1932 986 reddant
1978 922 2121 1001 ipse
2169 928 2434 987 secutus
2483 922 2588 988 sit.
2684 923 2898 988 Subli-

548 1027 842 1092 mitatem
903 1026 1070 1091 enim
1131 1026 1567 1110 magnitudini
1627 1027 1826 1092 animi
1887 1030 2283 1108 respondere
2344 1029 2475 1113 (12,
2542 1029 2649 1114 12)
2664 1029 2713 1114 1)
2778 1047 2899 1093 nec

549 1152 744 1213 posse
782 1151 1009 1200 verum
1058 1139 1387 1198 oratorem
1423 1134 1648 1201 humili
1696 1153 1842 1199 esse
1890 1133 2103 1198 animo
2154 1134 2329 1199 dicit.
2426 1134 2552 1217 Qui
2601 1134 2899 1202 servilem

549 1239 832 1305 animum
865 1241 1232 1320 praebeant
1265 1258 1377 1304 eos
1409 1236 1743 1319 nunquam
1768 1258 1924 1305 vere
1954 1241 2177 1323 magni
2203 1240 2549 1321 quicquam
2573 1241 2896 1322 proferre,

549 1365 695 1411 cum
755 1364 976 1411 eorum
1039 1346 1374 1411 orationes
1433 1363 1712 1428 magnae
1777 1346 1909 1411 sint
1970 1346 2082 1426 qui
2143 1347 2394 1412 animos
2444 1367 2597 1413 suos
2644 1349 2898 1432 magnis

549 1451 899 1517 sententiis
948 1452 1419 1533 compleverint
1473 1453 1600 1533 (12,
1654 1453 1779 1537 17).
1873 1451 2268 1533 Scriptorem
2320 1459 2539 1519 autem
2598 1473 2732 1519 non
2777 1456 2897 1519 hu-

548 1559 759 1623 milem
826 1558 1110 1623 animum
1173 1558 1243 1623 in
1302 1557 1670 1624 iudicandis
1733 1560 1929 1624 rebus
1988 1560 2292 1625 humanis
2353 1560 2771 1641 praestitisse
2819 1580 2899 1625 ex

547 1664 990 1745 compluribus
1026 1664 1190 1730 locis
1229 1664 1428 1730 facile
1467 1664 1905 1747 cognoscitur.
1989 1666 2188 1731 Velut
2219 1666 2425 1747 primo
2466 1667 2685 1747 capite
2721 1666 2897 1732 illam

547 1790 772 1838 vocem
819 1772 1246 1855 Pythagorae
1305 1772 1536 1836 laudat
1597 1771 1707 1851 qui
1756 1772 2101 1851 quaerenti
2149 1772 2305 1853 quid
2352 1773 2476 1839 diis
2525 1773 2731 1838 simile
2778 1775 2896 1838 ha-

547 1880 846 1943 beremus
906 1878 1336 1945 veracitatem
1406 1883 1473 1943 et
1542 1877 2061 1943 beneficientiam
2134 1879 2551 1960 responderit
2617 1880 2701 1964 (2,
2772 1880 2897 1965 12).

546 1986 782 2065 Itaque
815 2004 960 2050 cum
992 1990 1225 2050 auctor
1257 1983 1540 2049 animum
1572 1985 1960 2050 benevolum
1999 1990 2067 2049 et
2098 2004 2323 2052 verum
2361 1986 2537 2051 tanti
2569 1986 2892 2067 aestimet,

545 2090 769 2156 licebit
832 2092 1062 2157 saltem
1127 2092 1515 2156 concludere
1577 2091 1791 2171 ipsum
1850 2092 2233 2157 benevolum
2283 2097 2350 2156 et
2396 2110 2623 2158 verum
2672 2092 2896 2158 fuisse.

549 2198 733 2280 Quae
798 2197 1080 2264 virtutes
1151 2216 1542 2278 quamquam
1619 2216 1749 2261 non
1825 2198 2200 2263 necessario
2277 2216 2420 2263 cum
2496 2198 2898 2263 sublimitate

547 2303 938 2369 coniunctae
978 2309 1151 2384 sunt,
1201 2308 1424 2368 tamen
1463 2301 1755 2368 sublimis
1795 2303 1992 2369 animi
2037 2303 2385 2387 imaginem
2433 2304 2895 2384 perfectiorem

548 2412 850 2477 reddunt.

725 2517 1013 2584 Divitias
1063 2522 1282 2582 autem
1329 2516 1435 2583 vel
1483 2515 1623 2581 eius
1675 2516 1848 2581 modi
1896 2520 2071 2582 bona
2127 2536 2296 2597 quae
2344 2537 2385 2582 a
2431 2518 2652 2583 multis
2701 2518 2898 2583 animi

547 2623 737 2689 bonis
802 2622 1274 2704 praeferuntur
1335 2622 1514 2688 illum
1581 2622 1839 2689 omnino
1902 2622 2117 2688 aliena
2182 2643 2222 2688 a
2283 2643 2353 2689 se
2417 2624 2758 2704 putavisse
2819 2642 2900 2689 ex

548 2731 676 2795 alio
742 2731 884 2795 loco
945 2728 1368 2813 intellegitur.
1480 2730 1752 2811 Septimi
1822 2729 1991 2794 enim
2053 2729 2292 2810 capitis
2350 2730 2541 2795 initio
2608 2730 2897 2812 pulchris

546 2836 766 2904 verbis
815 2835 975 2901 dicit
1021 2835 1290 2901 divitias
1337 2837 1648 2901 honorem
1696 2836 1969 2919 gloriam
2018 2835 2149 2901 alia
2196 2836 2439 2901 homini
2485 2855 2642 2905 vere
2689 2837 2897 2918 philo-

548 2945 753 3024 sopho
813 2962 946 3007 non
1007 2943 1354 3022 praeclara
1414 2944 1587 3007 bona
1647 2942 1876 3023 videri,
1927 2941 2118 3007 immo
2182 2942 2383 3026 digna
2443 2962 2613 3023 quae
2675 2944 2897 3026 negle-

549 3056 798 3134 gantur
858 3053 924 3113 et
986 3053 1511 3121 contemnantur.
1603 3048 1889 3113 Maxime
1949 3066 2062 3113 eos
2124 3049 2542 3114 admirandos
2599 3068 2744 3115 esse
2792 3051 2901 3130 qui

548 3156 816 3222 divitias
857 3160 925 3220 et
961 3156 1244 3221 honores
1281 3156 1527 3220 habere
1572 3154 1849 3235 possint,
1904 3158 2017 3220 sed
2065 3158 2337 3235 propter
2384 3154 2899 3238 magnitudinem

547 3262 747 3328 animi
795 3281 913 3342 pro
963 3260 1164 3327 nihilo
1213 3262 1475 3325 ducant.
1569 3260 1780 3343 Quam
1829 3260 2207 3329 divitiarum
2256 3266 2323 3325 et
2370 3261 2644 3327 aliorum
2692 3264 2898 3327 bono-

548 3388 689 3434 rum
738 3367 1288 3448 contemptionem
1330 3366 1662 3451 egregium
1699 3366 1768 3431 in
1806 3367 2064 3432 modum
2103 3368 2215 3432 illa
2254 3368 2572 3450 allegoria
2612 3368 2899 3433 ostendit

544 3495 738 3557 quam
783 3472 923 3540 fere
981 3474 1050 3539 in
1098 3473 1226 3539 fine
1274 3473 1478 3539 totius
1535 3472 1738 3539 libelli
1795 3473 2015 3554 posuit
2064 3473 2193 3558 (68,
2246 3474 2327 3554 5).
2420 3474 2522 3539 Ibi
2570 3474 2737 3539 enim
2786 3474 2896 3539 de-

547 3581 861 3665 pingitur,
911 3580 1230 3661 quomodo
1281 3579 1487 3645 omnis
1537 3580 1797 3663 generis
1847 3579 2010 3645 vitia
2067 3598 2148 3643 ex
2205 3579 2570 3660 cupiditate
2616 3580 2902 3645 habendi

547 3706 692 3752 cum
754 3686 972 3752 studio
1020 3686 1386 3768 voluptatis
1447 3685 1803 3751 coniuncta
1861 3691 2242 3751 nascantur.
2334 3686 2561 3766 Neque
2606 3704 2763 3752 vero
2821 3705 2901 3750 ea

549 3794 691 3859 sola
739 3793 1054 3877 allegoria
1102 3792 1388 3876 egregia,
1453 3794 1567 3857 sed
1625 3796 1835 3857 totum
1890 3792 2052 3858 illud
2097 3797 2301 3873 caput
2349 3792 2695 3857 sentent-iis
2744 3810 2899 3856 auc-

548 3898 714 3965 toris
770 3904 1052 3965 mentem
1111 3917 1454 3979 moresque
1514 3898 2005 3964 illustrantibus
2070 3903 2137 3963 et
2199 3898 2413 3981 dignis
2475 3917 2644 3978 quae
2705 3916 2899 3962 accu-

549 4004 763 4071 ratius
797 4005 1254 4071 examinentur
1283 4004 1599 4069 refertum
1642 4009 1762 4070 est.
1855 4005 2293 4086 Philosophus
2331 4004 2665 4069 inducitur
2696 4022 2900 4085 quae-

549 4130 702 4177 rens
765 4112 1073 4192 quidnam
1133 4130 1376 4177 causae
1437 4111 1525 4176 sit
1589 4131 1706 4176 cur
1768 4130 1888 4176 sua
1948 4116 2174 4176 aetate
2222 4130 2353 4176 non
2400 4111 2596 4192 pauci
2644 4109 2898 4190 quidem

731 4340 769 4409 ¹)
809 4340 1034 4395 Talibus
1071 4356 1418 4395 numerorum
1456 4340 1629 4410 signis
1660 4340 1896 4408 paginae
1923 4344 1981 4394 et
2004 4354 2192 4393 versus
2220 4339 2544 4407 exemplaris
2571 4339 2899 4393 Vahleniani

549 4446 596 4483 a.
637 4429 1201 4484 MDCCCLXXXVII.
1242 4429 1377 4483 editi
1414 4429 1745 4483 indicantur.
