<?xml version="1.0" encoding="UTF-8"?>
<!DOCTYPE html PUBLIC "-//W3C//DTD XHTML 1.0 Transitional//EN"
    "http://www.w3.org/TR/xhtml1/DTD/xhtml1-transitional.dtd">
<html xmlns="http://www.w3.org/1999/xhtml" xml:lang="en" lang="en">
 <head>
  <title>
</title>
<meta http-equiv="Content-Type" content="text/html;charset=utf-8" />
  <meta name='ocr-system' content='tesseract 3.04.00' />
  <meta name='ocr-capabilities' content='ocr_page ocr_carea ocr_par ocr_line ocrx_word'/>
</head>
<body>
  <div class='ocr_page' id='page_1' title='image "./deanonymiperihy01freygoog_0029.png"; bbox 0 0 3417 5059; ppageno 0'>
   <div class='ocr_carea' id='block_1_1' title="bbox 1465 358 1910 421">
    <p class='ocr_par' dir='ltr' id='par_1_1' title="bbox 1465 358 1910 421">
     <span class='ocr_line' id='line_1_1' title="bbox 1465 358 1910 421; baseline 0 -18"><span class='ocrx_word' id='word_1_1' title='bbox 1465 358 1910 421; x_wconf 76' lang='lat'>—26—</span> 
     </span>
    </p>
   </div>
   <div class='ocr_carea' id='block_1_2' title="bbox 526 554 2895 4475">
    <p class='ocr_par' dir='ltr' id='par_1_2' title="bbox 526 554 2877 958">
     <span class='ocr_line' id='line_1_2' title="bbox 526 554 2877 641; baseline -0.002 -19"><span class='ocrx_word' id='word_1_2' title='bbox 526 558 810 641; x_wconf 82' lang='lat' dir='ltr'>ignorat,</span> <span class='ocrx_word' id='word_1_3' title='bbox 853 556 1014 621; x_wconf 89' lang='lat' dir='ltr'><strong>nihil</strong></span> <span class='ocrx_word' id='word_1_4' title='bbox 1053 554 1436 620; x_wconf 79' lang='lat' dir='ltr'><strong>admirabile</strong></span> <span class='ocrx_word' id='word_1_5' title='bbox 1476 554 1582 630; x_wconf 91' lang='lat' dir='ltr'><strong>sit,</strong></span> <span class='ocrx_word' id='word_1_6' title='bbox 1622 554 1688 618; x_wconf 88' lang='lat' dir='ltr'><strong>id</strong></span> <span class='ocrx_word' id='word_1_7' title='bbox 1722 558 1981 619; x_wconf 88' lang='lat' dir='ltr'><strong>tantum</strong></span> <span class='ocrx_word' id='word_1_8' title='bbox 2014 572 2411 631; x_wconf 90' lang='lat' dir='ltr'><strong>moneamus,</strong></span> <span class='ocrx_word' id='word_1_9' title='bbox 2451 572 2683 618; x_wconf 89' lang='lat' dir='ltr'><strong>novem</strong></span> <span class='ocrx_word' id='word_1_10' title='bbox 2716 554 2877 618; x_wconf 89' lang='lat' dir='ltr'><strong>locis</strong></span> 
     </span>
     <span class='ocr_line' id='line_1_3' title="bbox 527 659 2874 742; baseline -0.002 -13"><span class='ocrx_word' id='word_1_11' title='bbox 527 683 670 729; x_wconf 89' lang='lat' dir='ltr'><strong>eam</strong></span> <span class='ocrx_word' id='word_1_12' title='bbox 715 664 784 728; x_wconf 90' lang='lat' dir='ltr'><strong>in</strong></span> <span class='ocrx_word' id='word_1_13' title='bbox 832 661 1180 729; x_wconf 89' lang='lat' dir='ltr'><strong>sententiis</strong></span> <span class='ocrx_word' id='word_1_14' title='bbox 1226 660 1608 725; x_wconf 90' lang='lat' dir='ltr'><strong>ineuntibus</strong></span> <span class='ocrx_word' id='word_1_15' title='bbox 1657 665 1810 742; x_wconf 89' lang='lat' dir='ltr'><strong>post</strong></span> <span class='ocrx_word' id='word_1_16' title='bbox 1856 660 2223 741; x_wconf 86' lang='lat' dir='ltr'><strong>particulas</strong></span> <span class='ocrx_word' id='word_1_17' title='bbox 2271 659 2643 725; x_wconf 89' lang='lat' dir='ltr'><strong>sententiae</strong></span> <span class='ocrx_word' id='word_1_18' title='bbox 2682 679 2874 741; x_wconf 89' lang='lat' dir='ltr'><strong>prae-</strong></span> 
     </span>
     <span class='ocr_line' id='line_1_4' title="bbox 527 768 2877 849; baseline -0.001 -14"><span class='ocrx_word' id='word_1_19' title='bbox 527 771 781 849; x_wconf 84' lang='lat' dir='ltr'><strong>missaS,</strong></span> <span class='ocrx_word' id='word_1_20' title='bbox 851 770 1062 834; x_wconf 85' lang='lat' dir='ltr'><strong>tribus</strong></span> <span class='ocrx_word' id='word_1_21' title='bbox 1123 774 1276 849; x_wconf 91' lang='lat' dir='ltr'><strong>post</strong></span> <span class='ocrx_word' id='word_1_22' title='bbox 1345 769 1471 832; x_wconf 88' lang='lat' dir='ltr'><strong>duo</strong></span> <span class='ocrx_word' id='word_1_23' title='bbox 1534 768 1640 834; x_wconf 88' lang='lat' dir='ltr'><strong>vel</strong></span> <span class='ocrx_word' id='word_1_24' title='bbox 1700 768 2037 848; x_wconf 88' lang='lat' dir='ltr'><strong>complura</strong></span> <span class='ocrx_word' id='word_1_25' title='bbox 2106 770 2310 834; x_wconf 89' lang='lat' dir='ltr'><strong>verba</strong></span> <span class='ocrx_word' id='word_1_26' title='bbox 2371 768 2652 849; x_wconf 83' lang='lat' dir='ltr'><strong>positam</strong></span> <span class='ocrx_word' id='word_1_27' title='bbox 2715 786 2877 832; x_wconf 90' lang='lat' dir='ltr'><strong>esse.</strong></span> 
     </span>
     <span class='ocr_line' id='line_1_5' title="bbox 527 854 2021 958; baseline -0.002 -15"><span class='ocrx_word' id='word_1_28' title='bbox 527 878 726 943; x_wconf 91' lang='lat' dir='ltr'><strong>Velut</strong></span> <span class='ocrx_word' id='word_1_29' title='bbox 773 881 926 958; x_wconf 88' lang='lat' dir='ltr'><strong>post</strong></span> <span class='ocrx_word' id='word_1_30' title='bbox 971 880 1078 941; x_wconf 76' lang='grc' dir='ltr'>καὶ</span> <span class='ocrx_word' id='word_1_31' title='bbox 1124 874 1226 939; x_wconf 88' lang='grc'><strong>1113</strong></span> <span class='ocrx_word' id='word_1_32' title='bbox 1272 854 1697 939; x_wconf 67' lang='grc'><strong>111011310613</strong></span> <span class='ocrx_word' id='word_1_33' title='bbox 1743 874 2021 957; x_wconf 82' lang='lat' dir='ltr'><strong>legitur:</strong></span> 
     </span>
    </p>

    <p class='ocr_par' dir='ltr' id='par_1_3' title="bbox 529 980 2881 1390">
     <span class='ocr_line' id='line_1_6' title="bbox 709 980 2876 1068; baseline -0.001 -20"><span class='ocrx_word' id='word_1_34' title='bbox 709 985 811 1064; x_wconf 85' lang='lat'><strong>17,</strong></span> <span class='ocrx_word' id='word_1_35' title='bbox 851 985 886 1046; x_wconf 85' lang='lat'>7</span> <span class='ocrx_word' id='word_1_36' title='bbox 946 985 1052 1048; x_wconf 77' lang='grc' dir='ltr'>καὶ</span> <span class='ocrx_word' id='word_1_37' title='bbox 1100 988 1172 1067; x_wconf 81' lang='grc' dir='ltr'><strong>νὴ</strong></span> <span class='ocrx_word' id='word_1_38' title='bbox 1222 980 1312 1047; x_wconf 78' lang='grc' dir='ltr'><strong>Δί’</strong></span> <span class='ocrx_word' id='word_1_39' title='bbox 1371 984 1443 1047; x_wconf 80' lang='grc' dir='ltr'><strong>ἐκ</strong></span> <span class='ocrx_word' id='word_1_40' title='bbox 1491 994 1598 1047; x_wconf 80' lang='grc' dir='ltr'>τοῦ</span> <span class='ocrx_word' id='word_1_41' title='bbox 1646 986 1756 1060; x_wconf 83' lang='grc' dir='ltr'>τὰς</span> <span class='ocrx_word' id='word_1_42' title='bbox 1804 985 2165 1068; x_wconf 76' lang='grc' dir='ltr'>ὀλοφύρσεις</span> <span class='ocrx_word' id='word_1_43' title='bbox 2198 1020 2287 1027; x_wconf 86' lang='lat'><strong>——</strong></span> <span class='ocrx_word' id='word_1_44' title='bbox 2327 984 2876 1067; x_wconf 72' lang='grc' dir='ltr'>προσαποδιδόναι,</span> 
     </span>
     <span class='ocr_line' id='line_1_7' title="bbox 529 1089 2879 1175; baseline -0 -19"><span class='ocrx_word' id='word_1_45' title='bbox 529 1092 634 1168; x_wconf 88' lang='grc'><strong>60,</strong></span> <span class='ocrx_word' id='word_1_46' title='bbox 662 1092 702 1154; x_wconf 90' lang='grc'>4</span> <span class='ocrx_word' id='word_1_47' title='bbox 741 1095 846 1155; x_wconf 78' lang='grc' dir='ltr'>καὶ</span> <span class='ocrx_word' id='word_1_48' title='bbox 886 1096 957 1175; x_wconf 84' lang='grc' dir='ltr'><strong>νὴ</strong></span> <span class='ocrx_word' id='word_1_49' title='bbox 999 1090 1113 1154; x_wconf 90' lang='grc' dir='ltr'>Δία</span> <span class='ocrx_word' id='word_1_50' title='bbox 1153 1091 1424 1175; x_wconf 71' lang='grc' dir='ltr'>φθόγγοι</span> <span class='ocrx_word' id='word_1_51' title='bbox 1463 1092 1735 1175; x_wconf 72' lang='grc' dir='ltr'>κιθάρας</span> <span class='ocrx_word' id='word_1_52' title='bbox 1760 1126 1847 1135; x_wconf 89' lang='lat'><strong>—-</strong></span> <span class='ocrx_word' id='word_1_53' title='bbox 1870 1092 2169 1175; x_wconf 77' lang='grc' dir='ltr'>ἐπάγουσι</span> <span class='ocrx_word' id='word_1_54' title='bbox 2207 1092 2509 1167; x_wconf 80' lang='grc' dir='ltr'>πολλάκις</span> <span class='ocrx_word' id='word_1_55' title='bbox 2534 1126 2617 1135; x_wconf 92' lang='lat'>—</span> <span class='ocrx_word' id='word_1_56' title='bbox 2645 1089 2879 1175; x_wconf 77' lang='grc' dir='ltr'>θέλγη-</span> 
     </span>
     <span class='ocr_line' id='line_1_8' title="bbox 529 1197 2881 1283; baseline -0.001 -19"><span class='ocrx_word' id='word_1_57' title='bbox 529 1221 705 1283; x_wconf 71' lang='grc' dir='ltr'>τρον,</span> <span class='ocrx_word' id='word_1_58' title='bbox 755 1198 860 1279; x_wconf 83' lang='grc'><strong>67,</strong></span> <span class='ocrx_word' id='word_1_59' title='bbox 915 1198 996 1260; x_wconf 91' lang='grc'><strong>18</strong></span> <span class='ocrx_word' id='word_1_60' title='bbox 1044 1200 1150 1261; x_wconf 76' lang='grc' dir='ltr'>καί</span> <span class='ocrx_word' id='word_1_61' title='bbox 1200 1201 1270 1282; x_wconf 78' lang='grc' dir='ltr'><strong>νὴ</strong></span> <span class='ocrx_word' id='word_1_62' title='bbox 1320 1198 1434 1261; x_wconf 92' lang='grc' dir='ltr'>Δία</span> <span class='ocrx_word' id='word_1_63' title='bbox 1482 1202 1632 1282; x_wconf 81' lang='grc' dir='ltr'>πρὸς</span> <span class='ocrx_word' id='word_1_64' title='bbox 1677 1199 1876 1283; x_wconf 85' lang='grc' dir='ltr'>τούτῳ</span> <span class='ocrx_word' id='word_1_65' title='bbox 1924 1202 2002 1262; x_wconf 83' lang='grc' dir='ltr'>τὰ</span> <span class='ocrx_word' id='word_1_66' title='bbox 2049 1208 2431 1282; x_wconf 79' lang='grc' dir='ltr'>φρουροῦντα</span> <span class='ocrx_word' id='word_1_67' title='bbox 2478 1200 2581 1261; x_wconf 82' lang='grc' dir='ltr'>τὸν</span> <span class='ocrx_word' id='word_1_68' title='bbox 2615 1208 2717 1262; x_wconf 83' lang='grc' dir='ltr'><strong>νῦν</strong></span> <span class='ocrx_word' id='word_1_69' title='bbox 2752 1197 2881 1281; x_wconf 87' lang='grc' dir='ltr'>βίον</span> 
     </span>
     <span class='ocr_line' id='line_1_9' title="bbox 529 1305 1127 1390; baseline -0.003 -21"><span class='ocrx_word' id='word_1_70' title='bbox 529 1323 660 1383; x_wconf 84' lang='lat' dir='ltr'><strong>eqS.</strong></span> <span class='ocrx_word' id='word_1_71' title='bbox 706 1308 878 1370; x_wconf 76' lang='grc' dir='ltr'>ταυτὶ</span> <span class='ocrx_word' id='word_1_72' title='bbox 925 1305 1127 1390; x_wconf 78' lang='grc' dir='ltr'>πάθή.</span> 
     </span>
    </p>

    <p class='ocr_par' dir='ltr' id='par_1_4' title="bbox 528 1408 2889 3203">
     <span class='ocr_line' id='line_1_10' title="bbox 705 1408 2879 1495; baseline -0 -21"><span class='ocrx_word' id='word_1_73' title='bbox 705 1410 822 1475; x_wconf 90' lang='lat' dir='ltr'><strong>Bis</strong></span> <span class='ocrx_word' id='word_1_74' title='bbox 871 1413 1023 1490; x_wconf 85' lang='lat' dir='ltr'><strong>post</strong></span> <span class='ocrx_word' id='word_1_75' title='bbox 1070 1414 1176 1475; x_wconf 78' lang='grc' dir='ltr'>καί</span> <span class='ocrx_word' id='word_1_76' title='bbox 1215 1414 1300 1475; x_wconf 79' lang='grc' dir='ltr'>ἔτι</span> <span class='ocrx_word' id='word_1_77' title='bbox 1339 1408 1706 1475; x_wconf 87' lang='lat' dir='ltr'><strong>invenitur:</strong></span> <span class='ocrx_word' id='word_1_78' title='bbox 1761 1410 1865 1490; x_wconf 82' lang='lat'><strong>38,</strong></span> <span class='ocrx_word' id='word_1_79' title='bbox 1911 1411 1993 1473; x_wconf 88' lang='lat'><strong>14</strong></span> <span class='ocrx_word' id='word_1_80' title='bbox 2030 1414 2137 1475; x_wconf 76' lang='grc' dir='ltr'>καὶ</span> <span class='ocrx_word' id='word_1_81' title='bbox 2176 1413 2335 1476; x_wconf 85' lang='grc' dir='ltr'>πολὺ</span> <span class='ocrx_word' id='word_1_82' title='bbox 2372 1416 2443 1475; x_wconf 85' lang='grc' dir='ltr'>τὸ</span> <span class='ocrx_word' id='word_1_83' title='bbox 2476 1413 2879 1495; x_wconf 77' lang='grc' dir='ltr'>ἀγωνιστικὸν</span> 
     </span>
     <span class='ocr_line' id='line_1_11' title="bbox 528 1518 2882 1603; baseline -0.002 -19"><span class='ocrx_word' id='word_1_84' title='bbox 528 1522 602 1584; x_wconf 81' lang='grc' dir='ltr'><strong>ἐκ</strong></span> <span class='ocrx_word' id='word_1_85' title='bbox 648 1530 756 1584; x_wconf 84' lang='grc' dir='ltr'>τοῦ</span> <span class='ocrx_word' id='word_1_86' title='bbox 805 1518 1228 1603; x_wconf 78' lang='grc' dir='ltr'>ὑπερβιβάξειν</span> <span class='ocrx_word' id='word_1_87' title='bbox 1283 1520 1388 1581; x_wconf 75' lang='grc' dir='ltr'>καί</span> <span class='ocrx_word' id='word_1_88' title='bbox 1446 1520 1532 1581; x_wconf 81' lang='grc' dir='ltr'>ἔτι</span> <span class='ocrx_word' id='word_1_89' title='bbox 1580 1522 1652 1603; x_wconf 83' lang='grc' dir='ltr'><strong>νὴ</strong></span> <span class='ocrx_word' id='word_1_90' title='bbox 1702 1518 1817 1582; x_wconf 90' lang='grc' dir='ltr'>Δία</span> <span class='ocrx_word' id='word_1_91' title='bbox 1864 1522 1933 1582; x_wconf 86' lang='grc' dir='ltr'>τὸ</span> <span class='ocrx_word' id='word_1_92' title='bbox 1982 1518 2046 1596; x_wconf 82' lang='grc' dir='ltr'><strong>ἐξ</strong></span> <span class='ocrx_word' id='word_1_93' title='bbox 2094 1520 2368 1603; x_wconf 79' lang='grc' dir='ltr'>ὑπογύου</span> <span class='ocrx_word' id='word_1_94' title='bbox 2416 1518 2616 1602; x_wconf 84' lang='grc' dir='ltr'>λ’έγειν</span> <span class='ocrx_word' id='word_1_95' title='bbox 2663 1540 2882 1602; x_wconf 82' lang='grc' dir='ltr'>συνεμ-</span> 
     </span>
     <span class='ocr_line' id='line_1_12' title="bbox 529 1622 2881 1711; baseline -0.001 -22"><span class='ocrx_word' id='word_1_96' title='bbox 529 1622 782 1711; x_wconf 80' lang='grc' dir='ltr'>φαίνων.</span> <span class='ocrx_word' id='word_1_97' title='bbox 840 1622 944 1703; x_wconf 82' lang='lat'><strong>50,</strong></span> <span class='ocrx_word' id='word_1_98' title='bbox 971 1624 1055 1686; x_wconf 87' lang='grc'><strong>24</strong></span> <span class='ocrx_word' id='word_1_99' title='bbox 1098 1624 1172 1709; x_wconf 83' lang='grc' dir='ltr'><strong>ἆῤ</strong></span> <span class='ocrx_word' id='word_1_100' title='bbox 1216 1628 1332 1688; x_wconf 81' lang='grc' dir='ltr'><strong>οὐκ</strong></span> <span class='ocrx_word' id='word_1_101' title='bbox 1363 1625 1530 1702; x_wconf 80' lang='grc' dir='ltr'>ἄξιὸν</span> <span class='ocrx_word' id='word_1_102' title='bbox 1563 1626 1690 1689; x_wconf 85' lang='grc' dir='ltr'>ἐστι</span> <span class='ocrx_word' id='word_1_103' title='bbox 1726 1627 2093 1709; x_wconf 81' lang='grc' dir='ltr'>διαπορῆσαι</span> <span class='ocrx_word' id='word_1_104' title='bbox 2125 1625 2383 1708; x_wconf 73' lang='grc' dir='ltr'>πότερον</span> <span class='ocrx_word' id='word_1_105' title='bbox 2415 1646 2564 1688; x_wconf 90' lang='grc' dir='ltr'>ποτε</span> <span class='ocrx_word' id='word_1_106' title='bbox 2589 1660 2677 1666; x_wconf 90' lang='grc'>-</span> <span class='ocrx_word' id='word_1_107' title='bbox 2699 1625 2739 1707; x_wconf 82' lang='grc' dir='ltr'>ἢ</span> <span class='ocrx_word' id='word_1_108' title='bbox 2764 1645 2881 1704; x_wconf 79' lang='grc'><strong>-;</strong></span> 
     </span>
     <span class='ocr_line' id='line_1_13' title="bbox 528 1728 2884 1816; baseline -0.002 -19"><span class='ocrx_word' id='word_1_109' title='bbox 528 1735 634 1797; x_wconf 75' lang='grc' dir='ltr'>καὶ</span> <span class='ocrx_word' id='word_1_110' title='bbox 696 1736 782 1797; x_wconf 79' lang='grc' dir='ltr'>ἔτι</span> <span class='ocrx_word' id='word_1_111' title='bbox 843 1736 915 1816; x_wconf 85' lang='grc' dir='ltr'><strong>νὴ</strong></span> <span class='ocrx_word' id='word_1_112' title='bbox 978 1732 1092 1795; x_wconf 91' lang='grc' dir='ltr'>Δία</span> <span class='ocrx_word' id='word_1_113' title='bbox 1151 1732 1410 1815; x_wconf 77' lang='grc' dir='ltr'>πότερόν</span> <span class='ocrx_word' id='word_1_114' title='bbox 1468 1754 1618 1796; x_wconf 87' lang='grc' dir='ltr'>ποτε</span> <span class='ocrx_word' id='word_1_115' title='bbox 1648 1769 1735 1775; x_wconf 86' lang='grc'><strong>-</strong></span> <span class='ocrx_word' id='word_1_116' title='bbox 1762 1734 1802 1815; x_wconf 84' lang='grc' dir='ltr'>ἢ</span> <span class='ocrx_word' id='word_1_117' title='bbox 1832 1754 1947 1813; x_wconf 85' lang='grc'><strong>-;</strong></span> <span class='ocrx_word' id='word_1_118' title='bbox 2005 1731 2085 1794; x_wconf 88' lang='lat' dir='ltr'><strong>In</strong></span> <span class='ocrx_word' id='word_1_119' title='bbox 2142 1729 2453 1809; x_wconf 85' lang='lat' dir='ltr'><strong>exemplis</strong></span> <span class='ocrx_word' id='word_1_120' title='bbox 2512 1728 2884 1793; x_wconf 85' lang='lat' dir='ltr'><strong>sententiae</strong></span> 
     </span>
     <span class='ocr_line' id='line_1_14' title="bbox 528 1834 2879 1903; baseline -0.001 -2"><span class='ocrx_word' id='word_1_121' title='bbox 528 1837 966 1903; x_wconf 78' lang='lat' dir='ltr'><strong>illustrandae</strong></span> <span class='ocrx_word' id='word_1_122' title='bbox 1004 1841 1070 1900; x_wconf 91' lang='lat' dir='ltr'><strong>et</strong></span> <span class='ocrx_word' id='word_1_123' title='bbox 1108 1836 1468 1900; x_wconf 88' lang='lat' dir='ltr'><strong>firmandae</strong></span> <span class='ocrx_word' id='word_1_124' title='bbox 1509 1854 1710 1900; x_wconf 86' lang='lat' dir='ltr'><strong>causa</strong></span> <span class='ocrx_word' id='word_1_125' title='bbox 1742 1836 1985 1901; x_wconf 76' lang='lat' dir='ltr'><strong>adlatis</strong></span> <span class='ocrx_word' id='word_1_126' title='bbox 2017 1836 2118 1901; x_wconf 92' lang='lat' dir='ltr'><strong>his</strong></span> <span class='ocrx_word' id='word_1_127' title='bbox 2151 1837 2406 1900; x_wconf 89' lang='lat' dir='ltr'><strong>duobus</strong></span> <span class='ocrx_word' id='word_1_128' title='bbox 2436 1834 2597 1900; x_wconf 89' lang='grc'><strong>10613</strong></span> <span class='ocrx_word' id='word_1_129' title='bbox 2631 1839 2879 1900; x_wconf 85' lang='lat' dir='ltr'><strong>exstat:</strong></span> 
     </span>
     <span class='ocr_line' id='line_1_15' title="bbox 529 1942 2882 2030; baseline 0 -21"><span class='ocrx_word' id='word_1_130' title='bbox 529 1945 634 2025; x_wconf 86' lang='lat'><strong>31,</strong></span> <span class='ocrx_word' id='word_1_131' title='bbox 687 1945 727 2007; x_wconf 89' lang='lat'>4</span> <span class='ocrx_word' id='word_1_132' title='bbox 776 1947 858 2023; x_wconf 83' lang='grc' dir='ltr'><strong>ὡς</strong></span> <span class='ocrx_word' id='word_1_133' title='bbox 905 1950 976 2029; x_wconf 82' lang='grc' dir='ltr'><strong>νὴ</strong></span> <span class='ocrx_word' id='word_1_134' title='bbox 1027 1945 1141 2008; x_wconf 92' lang='grc' dir='ltr'>Δία</span> <span class='ocrx_word' id='word_1_135' title='bbox 1188 1947 1292 2008; x_wconf 78' lang='grc' dir='ltr'>καὶ</span> <span class='ocrx_word' id='word_1_136' title='bbox 1342 1946 1374 2007; x_wconf 80' lang='grc' dir='ltr'>ὁ</span> <span class='ocrx_word' id='word_1_137' title='bbox 1414 1942 2173 2030; x_wconf 79' lang='grc' dir='ltr'>Ὑπερίδης-εἶπεν-;</span> <span class='ocrx_word' id='word_1_138' title='bbox 2224 1943 2331 2020; x_wconf 85' lang='grc'><strong>30,</strong></span> <span class='ocrx_word' id='word_1_139' title='bbox 2385 1942 2466 2006; x_wconf 84' lang='lat'><strong>15</strong></span> <span class='ocrx_word' id='word_1_140' title='bbox 2516 1945 2597 2021; x_wconf 84' lang='grc' dir='ltr'><strong>ὡς</strong></span> <span class='ocrx_word' id='word_1_141' title='bbox 2643 1946 2761 2028; x_wconf 81' lang='grc' dir='ltr'><strong>ἤδη</strong></span> <span class='ocrx_word' id='word_1_142' title='bbox 2811 1948 2882 2028; x_wconf 85' lang='grc' dir='ltr'><strong>νὴ</strong></span> 
     </span>
     <span class='ocr_line' id='line_1_16' title="bbox 531 2048 2884 2135; baseline -0.002 -18"><span class='ocrx_word' id='word_1_143' title='bbox 531 2054 645 2117; x_wconf 91' lang='grc' dir='ltr'>Δία</span> <span class='ocrx_word' id='word_1_144' title='bbox 691 2055 797 2116; x_wconf 74' lang='grc' dir='ltr'>καὶ</span> <span class='ocrx_word' id='word_1_145' title='bbox 846 2054 901 2115; x_wconf 82' lang='grc' dir='ltr'><strong>οἱ</strong></span> <span class='ocrx_word' id='word_1_146' title='bbox 947 2049 1301 2135; x_wconf 60' lang='grc' dir='ltr'>καθ-’ἡμᾶς</span> <span class='ocrx_word' id='word_1_147' title='bbox 1349 2053 1532 2115; x_wconf 78' lang='grc' dir='ltr'>δεινοὶ</span> <span class='ocrx_word' id='word_1_148' title='bbox 1581 2052 1833 2135; x_wconf 76' lang='grc' dir='ltr'>ῥήτορες</span> <span class='ocrx_word' id='word_1_149' title='bbox 1882 2052 2212 2135; x_wconf 81' lang='grc' dir='ltr'>βλέπουσιν</span> <span class='ocrx_word' id='word_1_150' title='bbox 2264 2048 2563 2135; x_wconf 75' lang='grc' dir='ltr'>Ἐρινύας.</span> <span class='ocrx_word' id='word_1_151' title='bbox 2642 2049 2808 2113; x_wconf 91' lang='lat' dir='ltr'><strong>Post</strong></span> <span class='ocrx_word' id='word_1_152' title='bbox 2844 2052 2884 2134; x_wconf 81' lang='grc' dir='ltr'>ἢ</span> 
     </span>
     <span class='ocr_line' id='line_1_17' title="bbox 530 2154 2885 2244; baseline -0.001 -21"><span class='ocrx_word' id='word_1_153' title='bbox 530 2156 996 2223; x_wconf 79' lang='lat' dir='ltr'><strong>disiunctivum</strong></span> <span class='ocrx_word' id='word_1_154' title='bbox 1034 2156 1373 2221; x_wconf 88' lang='lat' dir='ltr'><strong>invenitur</strong></span> <span class='ocrx_word' id='word_1_155' title='bbox 1411 2156 1515 2236; x_wconf 81' lang='grc'><strong>52,</strong></span> <span class='ocrx_word' id='word_1_156' title='bbox 1546 2158 1618 2221; x_wconf 86' lang='lat'><strong>6:</strong></span> <span class='ocrx_word' id='word_1_157' title='bbox 1671 2160 1737 2223; x_wconf 87' lang='grc' dir='ltr'><strong>ἐν</strong></span> <span class='ocrx_word' id='word_1_158' title='bbox 1774 2158 2089 2244; x_wconf 80' lang='grc' dir='ltr'>τραγῳδίᾳ</span> <span class='ocrx_word' id='word_1_159' title='bbox 2126 2154 2387 2243; x_wconf 78' lang='grc' dir='ltr'>[μᾶλλον</span> <span class='ocrx_word' id='word_1_160' title='bbox 2428 2161 2500 2222; x_wconf 79' lang='grc' dir='ltr'><strong>ἂν</strong></span> <span class='ocrx_word' id='word_1_161' title='bbox 2539 2154 2712 2240; x_wconf 77' lang='grc' dir='ltr'>εἶναι]</span> <span class='ocrx_word' id='word_1_162' title='bbox 2738 2154 2885 2221; x_wconf 85' lang='grc' dir='ltr'><strong>Ἴων</strong></span> 
     </span>
     <span class='ocr_line' id='line_1_18' title="bbox 529 2249 2885 2349; baseline -0.002 -20"><span class='ocrx_word' id='word_1_163' title='bbox 529 2268 562 2329; x_wconf 81' lang='grc' dir='ltr'>ὁ</span> <span class='ocrx_word' id='word_1_164' title='bbox 608 2266 762 2342; x_wconf 85' lang='grc' dir='ltr'>Χῖος</span> <span class='ocrx_word' id='word_1_165' title='bbox 811 2262 999 2349; x_wconf 82' lang='grc' dir='ltr'>[ἕλοιο</span> <span class='ocrx_word' id='word_1_166' title='bbox 1047 2261 1144 2348; x_wconf 82' lang='grc' dir='ltr'><strong>ἄν]</strong></span> <span class='ocrx_word' id='word_1_167' title='bbox 1191 2266 1231 2348; x_wconf 81' lang='grc' dir='ltr'>ἢ</span> <span class='ocrx_word' id='word_1_168' title='bbox 1280 2269 1351 2349; x_wconf 84' lang='grc' dir='ltr'><strong>νὴ</strong></span> <span class='ocrx_word' id='word_1_169' title='bbox 1402 2264 1516 2328; x_wconf 85' lang='grc' dir='ltr'>Δία</span> <span class='ocrx_word' id='word_1_170' title='bbox 1563 2266 1922 2349; x_wconf 74' lang='grc' dir='ltr'>Σοφοκλῆς,</span> <span class='ocrx_word' id='word_1_171' title='bbox 1973 2268 2041 2327; x_wconf 83' lang='lat' dir='ltr'><strong>et</strong></span> <span class='ocrx_word' id='word_1_172' title='bbox 2087 2249 2284 2344; x_wconf 77' lang='lat' dir='ltr'><strong>paulo</strong></span> <span class='ocrx_word' id='word_1_173' title='bbox 2334 2262 2531 2327; x_wconf 85' lang='lat' dir='ltr'><strong>aliter</strong></span> <span class='ocrx_word' id='word_1_174' title='bbox 2566 2262 2632 2325; x_wconf 86' lang='lat' dir='ltr'><strong>in</strong></span> <span class='ocrx_word' id='word_1_175' title='bbox 2674 2261 2885 2341; x_wconf 87' lang='lat' dir='ltr'><strong>philo-</strong></span> 
     </span>
     <span class='ocr_line' id='line_1_19' title="bbox 530 2367 2884 2454; baseline -0.001 -19"><span class='ocrx_word' id='word_1_176' title='bbox 530 2370 718 2451; x_wconf 87' lang='lat' dir='ltr'><strong>sophi</strong></span> <span class='ocrx_word' id='word_1_177' title='bbox 757 2388 945 2450; x_wconf 91' lang='lat' dir='ltr'><strong>quem</strong></span> <span class='ocrx_word' id='word_1_178' title='bbox 987 2368 1274 2449; x_wconf 79' lang='lat' dir='ltr'><strong>scriptor</strong></span> <span class='ocrx_word' id='word_1_179' title='bbox 1311 2370 1684 2449; x_wconf 88' lang='lat' dir='ltr'><strong>loquentem</strong></span> <span class='ocrx_word' id='word_1_180' title='bbox 1724 2369 1979 2434; x_wconf 80' lang='lat' dir='ltr'><strong>inducit</strong></span> <span class='ocrx_word' id='word_1_181' title='bbox 2016 2368 2239 2434; x_wconf 89' lang='lat' dir='ltr'><strong>verbis</strong></span> <span class='ocrx_word' id='word_1_182' title='bbox 2279 2370 2383 2450; x_wconf 86' lang='lat'><strong>66,</strong></span> <span class='ocrx_word' id='word_1_183' title='bbox 2430 2370 2544 2432; x_wconf 87' lang='lat'><strong>14:</strong></span> <span class='ocrx_word' id='word_1_184' title='bbox 2597 2367 2884 2454; x_wconf 64' lang='lat' dir='ltr'><strong>“cononum</strong></span> 
     </span>
     <span class='ocr_line' id='line_1_20' title="bbox 529 2475 2885 2563; baseline -0.002 -20"><span class='ocrx_word' id='word_1_185' title='bbox 529 2480 734 2563; x_wconf 77' lang='grc' dir='ltr'>λόγων</span> <span class='ocrx_word' id='word_1_186' title='bbox 766 2479 1034 2563; x_wconf 78' lang='grc' dir='ltr'>κοσμική</span> <span class='ocrx_word' id='word_1_187' title='bbox 1069 2501 1156 2555; x_wconf 90' lang='grc' dir='ltr'>τις</span> <span class='ocrx_word' id='word_1_188' title='bbox 1194 2478 1403 2562; x_wconf 78' lang='grc' dir='ltr'>ἐπέχει</span> <span class='ocrx_word' id='word_1_189' title='bbox 1436 2482 1540 2543; x_wconf 86' lang='grc' dir='ltr'>τὸν</span> <span class='ocrx_word' id='word_1_190' title='bbox 1574 2478 1700 2563; x_wconf 86' lang='grc' dir='ltr'>βίον</span> <span class='ocrx_word' id='word_1_191' title='bbox 1735 2479 1980 2563; x_wconf 85' lang='grc' dir='ltr'>ἀπορία.</span> <span class='ocrx_word' id='word_1_192' title='bbox 2028 2480 2068 2562; x_wconf 86' lang='grc' dir='ltr'>ἢ</span> <span class='ocrx_word' id='word_1_193' title='bbox 2102 2482 2174 2563; x_wconf 82' lang='grc' dir='ltr'><strong>νὴ</strong></span> <span class='ocrx_word' id='word_1_194' title='bbox 2209 2476 2299 2541; x_wconf 86' lang='grc' dir='ltr'><strong>Δί’</strong></span> <span class='ocrx_word' id='word_1_195' title='bbox 2323 2476 2339 2499; x_wconf 78' lang='grc'><strong><em>’</em></strong></span> <span class='ocrx_word' id='word_1_196' title='bbox 2361 2481 2479 2563; x_wconf 76' lang='grc' dir='ltr'><strong>ἔφη</strong></span> <span class='ocrx_word' id='word_1_197' title='bbox 2512 2475 2885 2542; x_wconf 51' lang='grc' dir='ltr'>(πιστευτέον</span> 
     </span>
     <span class='ocr_line' id='line_1_21' title="bbox 528 2581 2886 2670; baseline -0.001 -21"><span class='ocrx_word' id='word_1_198' title='bbox 528 2596 617 2670; x_wconf 84' lang='grc' dir='ltr'>τῷ</span> <span class='ocrx_word' id='word_1_199' title='bbox 667 2586 1072 2669; x_wconf 74' lang='grc' dir='ltr'>θρυλουμένῳ</span> <span class='ocrx_word' id='word_1_200' title='bbox 1131 2582 1232 2661; x_wconf 83' lang='grc' dir='ltr'><strong>ὡς’</strong></span> <span class='ocrx_word' id='word_1_201' title='bbox 1291 2602 1421 2662; x_wconf 80' lang='lat' dir='ltr'><strong>eqs,</strong></span> <span class='ocrx_word' id='word_1_202' title='bbox 1514 2583 1637 2648; x_wconf 90' lang='lat' dir='ltr'><strong>His</strong></span> <span class='ocrx_word' id='word_1_203' title='bbox 1695 2602 1928 2649; x_wconf 88' lang='lat' dir='ltr'><strong>novem</strong></span> <span class='ocrx_word' id='word_1_204' title='bbox 1984 2582 2144 2647; x_wconf 87' lang='lat' dir='ltr'><strong>locis</strong></span> <span class='ocrx_word' id='word_1_205' title='bbox 2201 2588 2339 2648; x_wconf 90' lang='lat' dir='ltr'><strong>tres</strong></span> <span class='ocrx_word' id='word_1_206' title='bbox 2394 2583 2540 2648; x_wconf 88' lang='lat' dir='ltr'><strong>illos</strong></span> <span class='ocrx_word' id='word_1_207' title='bbox 2590 2581 2886 2647; x_wconf 86' lang='lat' dir='ltr'><strong>addimus</strong></span> 
     </span>
     <span class='ocr_line' id='line_1_22' title="bbox 533 2689 2889 2776; baseline 0 -22"><span class='ocrx_word' id='word_1_208' title='bbox 533 2690 768 2770; x_wconf 87' lang='lat' dir='ltr'><strong>quibus</strong></span> <span class='ocrx_word' id='word_1_209' title='bbox 817 2696 888 2776; x_wconf 83' lang='grc' dir='ltr'><strong>νὴ</strong></span> <span class='ocrx_word' id='word_1_210' title='bbox 938 2692 1052 2755; x_wconf 87' lang='grc' dir='ltr'>Δία</span> <span class='ocrx_word' id='word_1_211' title='bbox 1102 2689 1384 2753; x_wconf 88' lang='lat' dir='ltr'><strong>formula</strong></span> <span class='ocrx_word' id='word_1_212' title='bbox 1433 2690 1781 2754; x_wconf 80' lang='lat' dir='ltr'><strong>sententiis</strong></span> <span class='ocrx_word' id='word_1_213' title='bbox 1829 2690 2099 2755; x_wconf 86' lang='lat' dir='ltr'><strong>inmissa</strong></span> <span class='ocrx_word' id='word_1_214' title='bbox 2148 2694 2267 2755; x_wconf 92' lang='lat' dir='ltr'><strong>est.</strong></span> <span class='ocrx_word' id='word_1_215' title='bbox 2361 2689 2466 2770; x_wconf 79' lang='lat'><strong>63,</strong></span> <span class='ocrx_word' id='word_1_216' title='bbox 2521 2691 2603 2754; x_wconf 87' lang='lat'><strong>19</strong></span> <span class='ocrx_word' id='word_1_217' title='bbox 2649 2695 2784 2755; x_wconf 84' lang='grc' dir='ltr'>τινὰ</span> <span class='ocrx_word' id='word_1_218' title='bbox 2821 2693 2889 2754; x_wconf 86' lang='grc' dir='ltr'><strong>δὲ</strong></span> 
     </span>
     <span class='ocr_line' id='line_1_23' title="bbox 535 2796 2887 2884; baseline -0 -20"><span class='ocrx_word' id='word_1_219' title='bbox 535 2804 606 2883; x_wconf 80' lang='grc' dir='ltr'><strong>νὴ</strong></span> <span class='ocrx_word' id='word_1_220' title='bbox 647 2799 762 2862; x_wconf 89' lang='grc' dir='ltr'>Δία</span> <span class='ocrx_word' id='word_1_221' title='bbox 799 2800 1067 2883; x_wconf 70' lang='grc' dir='ltr'>περιέχει</span> <span class='ocrx_word' id='word_1_222' title='bbox 1105 2810 1212 2884; x_wconf 82' lang='grc' dir='ltr'>τῆς</span> <span class='ocrx_word' id='word_1_223' title='bbox 1251 2799 1400 2883; x_wconf 80' lang='grc' dir='ltr'>ὕλης</span> <span class='ocrx_word' id='word_1_224' title='bbox 1440 2799 1807 2883; x_wconf 71' lang='grc' dir='ltr'>ἀδοξότερα,</span> <span class='ocrx_word' id='word_1_225' title='bbox 1858 2798 1962 2877; x_wconf 86' lang='grc'><strong>23,</strong></span> <span class='ocrx_word' id='word_1_226' title='bbox 2002 2797 2086 2861; x_wconf 88' lang='grc'><strong>14</strong></span> <span class='ocrx_word' id='word_1_227' title='bbox 2126 2800 2208 2876; x_wconf 83' lang='grc' dir='ltr'><strong>ὡς</strong></span> <span class='ocrx_word' id='word_1_228' title='bbox 2248 2801 2423 2863; x_wconf 83' lang='grc' dir='ltr'>οὐδὲν</span> <span class='ocrx_word' id='word_1_229' title='bbox 2461 2801 2694 2863; x_wconf 89' lang='grc' dir='ltr'>τούτων</span> <span class='ocrx_word' id='word_1_230' title='bbox 2732 2796 2887 2863; x_wconf 71' lang='grc' dir='ltr'>καθ’</span> 
     </span>
     <span class='ocr_line' id='line_1_24' title="bbox 533 2904 2885 2991; baseline -0 -22"><span class='ocrx_word' id='word_1_231' title='bbox 533 2908 684 2970; x_wconf 78' lang='grc' dir='ltr'>αὑτὸ</span> <span class='ocrx_word' id='word_1_232' title='bbox 741 2904 998 2990; x_wconf 86' lang='grc' dir='ltr'>συσταίη</span> <span class='ocrx_word' id='word_1_233' title='bbox 1046 2908 1234 2989; x_wconf 74' lang='grc' dir='ltr'>χωρίς</span> <span class='ocrx_word' id='word_1_234' title='bbox 1283 2908 1475 2989; x_wconf 80' lang='grc' dir='ltr'>ὕψους</span> <span class='ocrx_word' id='word_1_235' title='bbox 1529 2906 1763 2970; x_wconf 87' lang='grc' dir='ltr'>τέλειον</span> <span class='ocrx_word' id='word_1_236' title='bbox 1820 2907 1982 2990; x_wconf 82' lang='grc' dir='ltr'>πλὴν</span> <span class='ocrx_word' id='word_1_237' title='bbox 2030 2908 2083 2969; x_wconf 83' lang='grc' dir='ltr'><strong>εἰ</strong></span> <span class='ocrx_word' id='word_1_238' title='bbox 2132 2910 2213 2991; x_wconf 83' lang='grc' dir='ltr'><strong>μὴ</strong></span> <span class='ocrx_word' id='word_1_239' title='bbox 2264 2908 2327 2970; x_wconf 88' lang='grc' dir='ltr'><strong>ὲν</strong></span> <span class='ocrx_word' id='word_1_240' title='bbox 2375 2908 2598 2981; x_wconf 80' lang='grc' dir='ltr'>οἴκτοις</span> <span class='ocrx_word' id='word_1_241' title='bbox 2646 2909 2767 2989; x_wconf 82' lang='grc' dir='ltr'>ἄρα</span> <span class='ocrx_word' id='word_1_242' title='bbox 2814 2909 2885 2990; x_wconf 83' lang='grc' dir='ltr'><strong>νὴ</strong></span> 
     </span>
     <span class='ocr_line' id='line_1_25' title="bbox 535 3008 2887 3097; baseline 0 -21"><span class='ocrx_word' id='word_1_243' title='bbox 535 3009 733 3096; x_wconf 83' lang='grc' dir='ltr'><strong>Δίαῆ</strong></span> <span class='ocrx_word' id='word_1_244' title='bbox 782 3014 846 3077; x_wconf 83' lang='grc' dir='ltr'><strong>ἐν</strong></span> <span class='ocrx_word' id='word_1_245' title='bbox 893 3013 1286 3096; x_wconf 82' lang='grc' dir='ltr'>εύτελισμοῖς.</span> <span class='ocrx_word' id='word_1_246' title='bbox 1383 3011 1487 3089; x_wconf 89' lang='grc'><strong>26,</strong></span> <span class='ocrx_word' id='word_1_247' title='bbox 1543 3012 1621 3073; x_wconf 84' lang='grc'><strong>17</strong></span> <span class='ocrx_word' id='word_1_248' title='bbox 1671 3014 1724 3075; x_wconf 80' lang='grc' dir='ltr'><strong>εἰ</strong></span> <span class='ocrx_word' id='word_1_249' title='bbox 1772 3016 1853 3096; x_wconf 82' lang='grc' dir='ltr'><strong>μὴ</strong></span> <span class='ocrx_word' id='word_1_250' title='bbox 1906 3008 2217 3097; x_wconf 87' lang='grc' dir='ltr'>[Πλάτων]</span> <span class='ocrx_word' id='word_1_251' title='bbox 2269 3014 2404 3096; x_wconf 78' lang='grc' dir='ltr'>περὶ</span> <span class='ocrx_word' id='word_1_252' title='bbox 2452 3011 2767 3097; x_wconf 88' lang='grc' dir='ltr'>πρωτείων</span> <span class='ocrx_word' id='word_1_253' title='bbox 2815 3016 2887 3097; x_wconf 84' lang='grc' dir='ltr'><strong>νὴ</strong></span> 
     </span>
     <span class='ocr_line' id='line_1_26' title="bbox 536 3116 2190 3203; baseline 0 -21"><span class='ocrx_word' id='word_1_254' title='bbox 536 3120 650 3182; x_wconf 89' lang='grc' dir='ltr'>Δία</span> <span class='ocrx_word' id='word_1_255' title='bbox 695 3121 874 3183; x_wconf 76' lang='grc' dir='ltr'>παντὶ</span> <span class='ocrx_word' id='word_1_256' title='bbox 923 3120 1110 3203; x_wconf 76' lang='grc' dir='ltr'>θυμῷ</span> <span class='ocrx_word' id='word_1_257' title='bbox 1158 3122 1308 3203; x_wconf 83' lang='grc' dir='ltr'>πρὸς</span> <span class='ocrx_word' id='word_1_258' title='bbox 1354 3116 1737 3203; x_wconf 87' lang='grc' dir='ltr'>Ὅμηρον-</span> <span class='ocrx_word' id='word_1_259' title='bbox 1763 3120 2190 3203; x_wconf 88' lang='grc' dir='ltr'>διηριστεύετο.</span> 
     </span>
    </p>

    <p class='ocr_par' dir='ltr' id='par_1_5' title="bbox 537 3222 2892 4271">
     <span class='ocr_line' id='line_1_27' title="bbox 713 3222 2891 3306; baseline 0 -19"><span class='ocrx_word' id='word_1_260' title='bbox 713 3222 1388 3287; x_wconf 89' lang='lat' dir='ltr'><strong>Praeteritionis</strong></span> <span class='ocrx_word' id='word_1_261' title='bbox 1447 3222 1518 3287; x_wconf 89' lang='lat' dir='ltr'><strong>in</strong></span> <span class='ocrx_word' id='word_1_262' title='bbox 1578 3223 1706 3289; x_wconf 89' lang='lat' dir='ltr'><strong>illis</strong></span> <span class='ocrx_word' id='word_1_263' title='bbox 1768 3223 2247 3288; x_wconf 87' lang='lat' dir='ltr'><strong>sententiarum</strong></span> <span class='ocrx_word' id='word_1_264' title='bbox 2308 3222 2537 3306; x_wconf 85' lang='lat' dir='ltr'><strong>figuris</strong></span> <span class='ocrx_word' id='word_1_265' title='bbox 2602 3242 2769 3303; x_wconf 89' lang='lat' dir='ltr'><strong>quae</strong></span> <span class='ocrx_word' id='word_1_266' title='bbox 2821 3222 2891 3288; x_wconf 93' lang='lat' dir='ltr'><strong>in</strong></span> 
     </span>
     <span class='ocr_line' id='line_1_28' title="bbox 538 3328 2888 3412; baseline 0.001 -19"><span class='ocrx_word' id='word_1_267' title='bbox 538 3330 1006 3412; x_wconf 79' lang='lat' dir='ltr'><strong>grammaticae</strong></span> <span class='ocrx_word' id='word_1_268' title='bbox 1058 3328 1311 3395; x_wconf 88' lang='lat' dir='ltr'><strong>formae</strong></span> <span class='ocrx_word' id='word_1_269' title='bbox 1360 3330 1727 3395; x_wconf 89' lang='lat' dir='ltr'><strong>mutatione</strong></span> <span class='ocrx_word' id='word_1_270' title='bbox 1774 3330 2034 3411; x_wconf 89' lang='lat' dir='ltr'><strong>positae</strong></span> <span class='ocrx_word' id='word_1_271' title='bbox 2074 3335 2229 3395; x_wconf 89' lang='lat' dir='ltr'><strong>sunt</strong></span> <span class='ocrx_word' id='word_1_272' title='bbox 2276 3332 2722 3395; x_wconf 90' lang='lat' dir='ltr'><strong>numerandae</strong></span> <span class='ocrx_word' id='word_1_273' title='bbox 2762 3331 2888 3395; x_wconf 92' lang='lat' dir='ltr'><strong>duo</strong></span> 
     </span>
     <span class='ocr_line' id='line_1_29' title="bbox 537 3434 2889 3523; baseline 0.002 -24"><span class='ocrx_word' id='word_1_274' title='bbox 537 3437 834 3516; x_wconf 85' lang='lat' dir='ltr'><strong>exempla</strong></span> <span class='ocrx_word' id='word_1_275' title='bbox 872 3434 1188 3501; x_wconf 88' lang='lat' dir='ltr'><strong>adferam.</strong></span> <span class='ocrx_word' id='word_1_276' title='bbox 1262 3436 1363 3501; x_wconf 89' lang='lat' dir='ltr'><strong>Ac</strong></span> <span class='ocrx_word' id='word_1_277' title='bbox 1401 3436 1677 3517; x_wconf 88' lang='lat' dir='ltr'><strong>primum</strong></span> <span class='ocrx_word' id='word_1_278' title='bbox 1717 3437 1975 3517; x_wconf 87' lang='lat' dir='ltr'><strong>quidem</strong></span> <span class='ocrx_word' id='word_1_279' title='bbox 2010 3439 2067 3518; x_wconf 83' lang='lat'><strong>7,</strong></span> <span class='ocrx_word' id='word_1_280' title='bbox 2104 3437 2189 3502; x_wconf 90' lang='grc'><strong>20</strong></span> <span class='ocrx_word' id='word_1_281' title='bbox 2228 3442 2483 3502; x_wconf 87' lang='lat' dir='ltr'><strong>exstat:</strong></span> <span class='ocrx_word' id='word_1_282' title='bbox 2534 3440 2591 3503; x_wconf 88' lang='grc' dir='ltr'>τί</span> <span class='ocrx_word' id='word_1_283' title='bbox 2628 3441 2723 3502; x_wconf 85' lang='grc' dir='ltr'><strong>δεῖ</strong></span> <span class='ocrx_word' id='word_1_284' title='bbox 2753 3442 2889 3523; x_wconf 75' lang='grc' dir='ltr'>περὶ</span> 
     </span>
     <span class='ocr_line' id='line_1_30' title="bbox 537 3545 2891 3631; baseline 0.001 -23"><span class='ocrx_word' id='word_1_285' title='bbox 537 3545 797 3629; x_wconf 86' lang='grc' dir='ltr'>Τιμαίου</span> <span class='ocrx_word' id='word_1_286' title='bbox 829 3545 1051 3631; x_wconf 86' lang='grc' dir='ltr'>λέγειν,</span> <span class='ocrx_word' id='word_1_287' title='bbox 1092 3548 1247 3609; x_wconf 82' lang='grc' dir='ltr'>ὅπου</span> <span class='ocrx_word' id='word_1_288' title='bbox 1279 3568 1352 3630; x_wconf 91' lang='grc' dir='ltr'><strong>γε</strong></span> <span class='ocrx_word' id='word_1_289' title='bbox 1383 3548 1488 3609; x_wconf 76' lang='grc' dir='ltr'>καὶ</span> <span class='ocrx_word' id='word_1_290' title='bbox 1520 3546 1576 3609; x_wconf 81' lang='grc' dir='ltr'><strong>οἱ</strong></span> <span class='ocrx_word' id='word_1_291' title='bbox 1606 3550 1805 3629; x_wconf 81' lang='grc' dir='ltr'>ἥρωες</span> <span class='ocrx_word' id='word_1_292' title='bbox 1836 3547 2165 3610; x_wconf 82' lang='grc' dir='ltr'>ἐκεῖνοι-</span> <span class='ocrx_word' id='word_1_293' title='bbox 2188 3548 2340 3611; x_wconf 89' lang='grc' dir='ltr'>ποτὲ</span> <span class='ocrx_word' id='word_1_294' title='bbox 2378 3547 2615 3611; x_wconf 83' lang='grc' dir='ltr'>ἑαυτῶν</span> <span class='ocrx_word' id='word_1_295' title='bbox 2646 3547 2891 3610; x_wconf 84' lang='grc' dir='ltr'>ἐπιλαν-</span> 
     </span>
     <span class='ocr_line' id='line_1_31' title="bbox 538 3648 2891 3733; baseline -0.001 -17"><span class='ocrx_word' id='word_1_296' title='bbox 538 3652 852 3717; x_wconf 72' lang='grc' dir='ltr'>θάνονται.</span> <span class='ocrx_word' id='word_1_297' title='bbox 922 3648 1107 3732; x_wconf 81' lang='lat' dir='ltr'><strong>Quae</strong></span> <span class='ocrx_word' id='word_1_298' title='bbox 1147 3649 1531 3729; x_wconf 85' lang='lat' dir='ltr'><strong>praeteritio</strong></span> <span class='ocrx_word' id='word_1_299' title='bbox 1571 3669 1963 3730; x_wconf 90' lang='lat' dir='ltr'><strong>quamquam</strong></span> <span class='ocrx_word' id='word_1_300' title='bbox 2002 3652 2085 3714; x_wconf 89' lang='lat' dir='ltr'><strong>ab</strong></span> <span class='ocrx_word' id='word_1_301' title='bbox 2125 3650 2272 3715; x_wconf 89' lang='lat' dir='ltr'><strong>aliis</strong></span> <span class='ocrx_word' id='word_1_302' title='bbox 2312 3650 2626 3715; x_wconf 91' lang='lat' dir='ltr'><strong>eiusmodi</strong></span> <span class='ocrx_word' id='word_1_303' title='bbox 2663 3650 2891 3733; x_wconf 83' lang='lat' dir='ltr'><strong>figuris</strong></span> 
     </span>
     <span class='ocr_line' id='line_1_32' title="bbox 538 3755 2889 3837; baseline 0 -17"><span class='ocrx_word' id='word_1_304' title='bbox 538 3756 802 3836; x_wconf 89' lang='lat' dir='ltr'><strong>paulum</strong></span> <span class='ocrx_word' id='word_1_305' title='bbox 837 3755 1071 3837; x_wconf 87' lang='lat' dir='ltr'><strong>differt,</strong></span> <span class='ocrx_word' id='word_1_306' title='bbox 1107 3776 1252 3821; x_wconf 90' lang='lat' dir='ltr'><strong>cum</strong></span> <span class='ocrx_word' id='word_1_307' title='bbox 1286 3761 1520 3821; x_wconf 87' lang='lat' dir='ltr'><strong>auctor</strong></span> <span class='ocrx_word' id='word_1_308' title='bbox 1550 3756 1678 3820; x_wconf 90' lang='lat' dir='ltr'><strong>iam</strong></span> <span class='ocrx_word' id='word_1_309' title='bbox 1710 3756 1903 3837; x_wconf 90' lang='lat' dir='ltr'><strong>plura</strong></span> <span class='ocrx_word' id='word_1_310' title='bbox 1935 3757 2014 3821; x_wconf 93' lang='lat' dir='ltr'><strong>de</strong></span> <span class='ocrx_word' id='word_1_311' title='bbox 2047 3756 2314 3821; x_wconf 85' lang='lat' dir='ltr'><strong>Timaeo</strong></span> <span class='ocrx_word' id='word_1_312' title='bbox 2348 3756 2604 3837; x_wconf 82' lang='lat' dir='ltr'><strong>dixerit,</strong></span> <span class='ocrx_word' id='word_1_313' title='bbox 2648 3763 2889 3834; x_wconf 87' lang='lat' dir='ltr'><strong>tamen,</strong></span> 
     </span>
     <span class='ocr_line' id='line_1_33' title="bbox 540 3861 2887 3944; baseline 0.001 -18"><span class='ocrx_word' id='word_1_314' title='bbox 540 3881 684 3926; x_wconf 89' lang='lat' dir='ltr'><strong>cum</strong></span> <span class='ocrx_word' id='word_1_315' title='bbox 715 3861 794 3925; x_wconf 92' lang='lat' dir='ltr'><strong>iis</strong></span> <span class='ocrx_word' id='word_1_316' title='bbox 818 3863 1040 3928; x_wconf 87' lang='lat' dir='ltr'><strong>verbis</strong></span> <span class='ocrx_word' id='word_1_317' title='bbox 1073 3865 1156 3928; x_wconf 94' lang='lat' dir='ltr'><strong>ad</strong></span> <span class='ocrx_word' id='word_1_318' title='bbox 1184 3863 1689 3943; x_wconf 90' lang='lat' dir='ltr'><strong>Xenophontem</strong></span> <span class='ocrx_word' id='word_1_319' title='bbox 1723 3867 2046 3941; x_wconf 85' lang='lat' dir='ltr'><strong>transeat,</strong></span> <span class='ocrx_word' id='word_1_320' title='bbox 2073 3862 2139 3926; x_wconf 91' lang='lat' dir='ltr'><strong>in</strong></span> <span class='ocrx_word' id='word_1_321' title='bbox 2172 3863 2251 3928; x_wconf 91' lang='lat' dir='ltr'><strong>iis</strong></span> <span class='ocrx_word' id='word_1_322' title='bbox 2286 3863 2617 3928; x_wconf 88' lang='lat' dir='ltr'><strong>numerari</strong></span> <span class='ocrx_word' id='word_1_323' title='bbox 2649 3869 2887 3944; x_wconf 86' lang='lat' dir='ltr'><strong>potest.</strong></span> 
     </span>
     <span class='ocr_line' id='line_1_34' title="bbox 538 3968 2891 4053; baseline 0.002 -21"><span class='ocrx_word' id='word_1_324' title='bbox 538 3968 820 4048; x_wconf 90' lang='lat' dir='ltr'><strong>Propius</strong></span> <span class='ocrx_word' id='word_1_325' title='bbox 854 3970 938 4033; x_wconf 88' lang='lat' dir='ltr'><strong>ad</strong></span> <span class='ocrx_word' id='word_1_326' title='bbox 970 3969 1286 4034; x_wconf 89' lang='lat' dir='ltr'><strong>usitatam</strong></span> <span class='ocrx_word' id='word_1_327' title='bbox 1321 3968 1598 4034; x_wconf 86' lang='lat' dir='ltr'><strong>formam</strong></span> <span class='ocrx_word' id='word_1_328' title='bbox 1629 3969 1844 4052; x_wconf 85' lang='lat' dir='ltr'><strong>figura</strong></span> <span class='ocrx_word' id='word_1_329' title='bbox 1876 3986 2045 4049; x_wconf 88' lang='lat' dir='ltr'><strong>quae</strong></span> <span class='ocrx_word' id='word_1_330' title='bbox 2078 3969 2183 4045; x_wconf 82' lang='lat'><strong>56,</strong></span> <span class='ocrx_word' id='word_1_331' title='bbox 2228 3971 2309 4033; x_wconf 87' lang='grc'><strong>16</strong></span> <span class='ocrx_word' id='word_1_332' title='bbox 2343 3970 2585 4053; x_wconf 86' lang='lat' dir='ltr'><strong>legitur</strong></span> <span class='ocrx_word' id='word_1_333' title='bbox 2619 3970 2891 4036; x_wconf 85' lang='lat' dir='ltr'><strong>accedit.</strong></span> 
     </span>
     <span class='ocr_line' id='line_1_35' title="bbox 539 4074 2892 4158; baseline 0.002 -20"><span class='ocrx_word' id='word_1_334' title='bbox 539 4074 642 4139; x_wconf 91' lang='lat' dir='ltr'><strong>Ibi</strong></span> <span class='ocrx_word' id='word_1_335' title='bbox 691 4075 859 4141; x_wconf 89' lang='lat' dir='ltr'><strong>enim</strong></span> <span class='ocrx_word' id='word_1_336' title='bbox 906 4083 1141 4141; x_wconf 89' lang='lat' dir='ltr'><strong>auctor</strong></span> <span class='ocrx_word' id='word_1_337' title='bbox 1187 4095 1305 4156; x_wconf 90' lang='lat' dir='ltr'><strong>per</strong></span> <span class='ocrx_word' id='word_1_338' title='bbox 1351 4076 1633 4155; x_wconf 91' lang='lat' dir='ltr'><strong>speciem</strong></span> <span class='ocrx_word' id='word_1_339' title='bbox 1680 4074 2175 4157; x_wconf 87' lang='lat' dir='ltr'><strong>praeteritionis</strong></span> <span class='ocrx_word' id='word_1_340' title='bbox 2214 4095 2294 4141; x_wconf 89' lang='lat' dir='ltr'><strong>ea</strong></span> <span class='ocrx_word' id='word_1_341' title='bbox 2339 4076 2487 4158; x_wconf 88' lang='lat' dir='ltr'><strong>ipsa</strong></span> <span class='ocrx_word' id='word_1_342' title='bbox 2535 4097 2703 4158; x_wconf 89' lang='lat' dir='ltr'><strong>quae</strong></span> <span class='ocrx_word' id='word_1_343' title='bbox 2744 4097 2783 4142; x_wconf 92' lang='lat' dir='ltr'><strong>a</strong></span> <span class='ocrx_word' id='word_1_344' title='bbox 2823 4096 2892 4142; x_wconf 90' lang='lat' dir='ltr'><strong>se</strong></span> 
     </span>
     <span class='ocr_line' id='line_1_36' title="bbox 541 4181 2892 4271; baseline 0.001 -26"><span class='ocrx_word' id='word_1_345' title='bbox 541 4181 892 4262; x_wconf 84' lang='lat' dir='ltr'><strong>praeteriri</strong></span> <span class='ocrx_word' id='word_1_346' title='bbox 930 4182 1091 4247; x_wconf 84' lang='lat' dir='ltr'><strong>dicit</strong></span> <span class='ocrx_word' id='word_1_347' title='bbox 1129 4181 1384 4247; x_wconf 80' lang='lat' dir='ltr'><strong>adfert:</strong></span> <span class='ocrx_word' id='word_1_348' title='bbox 1443 4185 1501 4248; x_wconf 85' lang='grc' dir='ltr'>τί</span> <span class='ocrx_word' id='word_1_349' title='bbox 1536 4189 1656 4270; x_wconf 81' lang='grc' dir='ltr'><strong>χρὴ</strong></span> <span class='ocrx_word' id='word_1_350' title='bbox 1694 4188 1847 4269; x_wconf 83' lang='grc' dir='ltr'>πρὸς</span> <span class='ocrx_word' id='word_1_351' title='bbox 1883 4186 2119 4262; x_wconf 88' lang='grc' dir='ltr'>τούτοις</span> <span class='ocrx_word' id='word_1_352' title='bbox 2157 4188 2243 4250; x_wconf 79' lang='grc' dir='ltr'>ἔτι</span> <span class='ocrx_word' id='word_1_353' title='bbox 2282 4186 2483 4271; x_wconf 88' lang='grc' dir='ltr'>λέγειν</span> <span class='ocrx_word' id='word_1_354' title='bbox 2523 4188 2605 4263; x_wconf 85' lang='grc' dir='ltr'><strong>ὡς</strong></span> <span class='ocrx_word' id='word_1_355' title='bbox 2644 4203 2775 4264; x_wconf 87' lang='lat' dir='ltr'><strong>eqS.</strong></span> <span class='ocrx_word' id='word_1_356' title='bbox 2807 4222 2892 4231; x_wconf 75' lang='lat'><strong>—-</strong></span> 
     </span>
    </p>

    <p class='ocr_par' dir='ltr' id='par_1_6' title="bbox 540 4289 2895 4475">
     <span class='ocr_line' id='line_1_37' title="bbox 717 4289 2893 4373; baseline 0.001 -21"><span class='ocrx_word' id='word_1_357' title='bbox 717 4289 863 4371; x_wconf 83' lang='lat' dir='ltr'><strong>Age</strong></span> <span class='ocrx_word' id='word_1_358' title='bbox 894 4308 1087 4372; x_wconf 84' lang='lat' dir='ltr'><strong>nunc,</strong></span> <span class='ocrx_word' id='word_1_359' title='bbox 1134 4290 1190 4354; x_wconf 93' lang='lat' dir='ltr'><strong>si</strong></span> <span class='ocrx_word' id='word_1_360' title='bbox 1221 4289 1460 4369; x_wconf 82' lang='lat' dir='ltr'><strong>placet,</strong></span> <span class='ocrx_word' id='word_1_361' title='bbox 1512 4291 1591 4353; x_wconf 94' lang='lat' dir='ltr'><strong>de</strong></span> <span class='ocrx_word' id='word_1_362' title='bbox 1638 4290 2415 4373; x_wconf 85' lang='lat' dir='ltr'><strong>interrogationibus</strong></span> <span class='ocrx_word' id='word_1_363' title='bbox 2463 4294 2631 4370; x_wconf 85' lang='lat' dir='ltr'><strong>quae</strong></span> <span class='ocrx_word' id='word_1_364' title='bbox 2670 4292 2893 4355; x_wconf 88' lang='lat' dir='ltr'><strong>rheto-</strong></span> 
     </span>
     <span class='ocr_line' id='line_1_38' title="bbox 540 4393 2895 4475; baseline 0.001 -18"><span class='ocrx_word' id='word_1_365' title='bbox 540 4393 718 4458; x_wconf 87' lang='lat' dir='ltr'><strong>ricae</strong></span> <span class='ocrx_word' id='word_1_366' title='bbox 766 4400 1091 4460; x_wconf 88' lang='lat' dir='ltr'><strong>vocantur</strong></span> <span class='ocrx_word' id='word_1_367' title='bbox 1124 4400 1191 4460; x_wconf 93' lang='lat' dir='ltr'><strong>et</strong></span> <span class='ocrx_word' id='word_1_368' title='bbox 1223 4397 1447 4460; x_wconf 92' lang='lat' dir='ltr'><strong>eodem</strong></span> <span class='ocrx_word' id='word_1_369' title='bbox 1481 4397 1669 4460; x_wconf 90' lang='lat' dir='ltr'><strong>modo</strong></span> <span class='ocrx_word' id='word_1_370' title='bbox 1714 4415 1840 4475; x_wconf 91' lang='lat' dir='ltr'><strong>quo</strong></span> <span class='ocrx_word' id='word_1_371' title='bbox 1880 4397 2390 4462; x_wconf 85' lang='lat' dir='ltr'><strong>exclamationes</strong></span> <span class='ocrx_word' id='word_1_372' title='bbox 2427 4397 2495 4462; x_wconf 90' lang='lat' dir='ltr'><strong>in</strong></span> <span class='ocrx_word' id='word_1_373' title='bbox 2530 4397 2895 4463; x_wconf 90' lang='lat' dir='ltr'><strong>mutatione</strong></span> 
     </span>
    </p>
   </div>
   <div class='ocr_carea' id='block_1_3' title="bbox 3380 194 3401 279">
    <p class='ocr_par' dir='ltr' id='par_1_7' title="bbox 3380 194 3401 279">
     <span class='ocr_line' id='line_1_39' title="bbox 3380 194 3401 279; textangle 90"><span class='ocrx_word' id='word_1_374' title='bbox 3380 194 3401 279; x_wconf 52' lang='grc' dir='ltr'><strong>ΑΔ</strong></span> 
     </span>
    </p>
   </div>
   <div class='ocr_carea' id='block_1_4' title="bbox 3364 2324 3401 2419">
    <p class='ocr_par' dir='ltr' id='par_1_8' title="bbox 3364 2324 3401 2419">
     <span class='ocr_line' id='line_1_40' title="bbox 3364 2324 3401 2419; textangle 90"><span class='ocrx_word' id='word_1_375' title='bbox 3364 2382 3401 2419; x_wconf 70' lang='grc' dir='ltr'><strong><em>Δ</em></strong></span> <span class='ocrx_word' id='word_1_376' title='bbox 3399 2324 3400 2327; x_wconf 58' lang='lat'><em>„</em></span> 
     </span>
    </p>
   </div>
   <div class='ocr_carea' id='block_1_5' title="bbox 3397 2526 3403 3379">
    <p class='ocr_par' dir='ltr' id='par_1_9' title="bbox 3397 2526 3403 3379">
     <span class='ocr_line' id='line_1_41' title="bbox 3397 2526 3403 3379; baseline 0 0"><span class='ocrx_word' id='word_1_377' title='bbox 3397 2526 3403 3379; x_wconf 95' lang='lat' dir='ltr'><strong> </strong></span> 
     </span>
    </p>
   </div>
  </div>
 </body>
</html>
