3417 5059
467 532 608 577 rum
656 513 1056 594 syllabarum
1105 511 1411 577 cernitur.
1460 530 1668 590 neque
1717 528 1873 577 vero
1920 530 1997 574 ea
2036 508 2339 591 gradatio
2378 509 2813 590 vituperanda

468 625 584 701 est,
630 619 820 683 immo
867 618 1338 682 sententiarum
1384 622 1572 681 tenor
1618 619 1783 681 bene
1829 617 2117 698 longiore
2165 618 2448 681 membro
2485 616 2709 680 finitur
2747 620 2813 679 et

469 725 876 790 terminatur.
971 724 1202 789 Priora
1251 730 1468 789 autem
1506 729 1818 804 quattuor
1855 725 2145 788 membra
2194 723 2567 805 posterioris
2604 722 2813 803 partis

467 831 700 913 prioris
754 831 1020 913 periodi,
1078 837 1345 911 excepto
1411 834 1688 895 secundo
1744 834 1911 910 quod
1968 829 2484 909 quattuordecim
2543 828 2813 911 syllabis

468 937 850 1020 continetur,
917 937 1130 1001 omnia
1195 935 1630 1017 septendecim
1695 936 1967 1017 syllabis
2024 936 2469 1021 efficiuntur.¹)
2562 936 2813 1000 Deinde

467 1047 589 1109 duo
628 1046 766 1108 cola
805 1044 1153 1107 octodecim
1193 1045 1594 1124 syllabarum
1628 1049 2005 1124 sequimtur,
2040 1043 2271 1121 quibus
2296 1042 2812 1122 quattuordecim

467 1152 759 1233 syllabae
827 1150 1104 1214 extremi
1173 1150 1291 1214 coli
1359 1152 1767 1232 respondent.
1871 1151 2009 1232 Quo
2074 1149 2400 1229 pulchrior
2464 1153 2681 1214 autem
2748 1154 2814 1213 et

467 1256 718 1337 plenior
754 1256 964 1320 oratio
1004 1258 1336 1336 evaderet,
1377 1262 1530 1320 ante
1567 1255 1723 1320 illud
1767 1256 2120 1320 membrum
2159 1254 2335 1320 aliud
2374 1258 2541 1334 quod
2574 1256 2812 1337 viginti

467 1363 748 1442 quinque
796 1363 1066 1445 syllabis
1115 1363 1396 1427 efficitur
1442 1362 1720 1443 positum
1769 1368 1882 1425 est.
1976 1366 2132 1426 (¹um
2182 1366 2399 1426 autem
2455 1361 2524 1425 in
2580 1382 2811 1442 paren-

467 1469 634 1533 thesi
683 1490 810 1534 non
859 1476 1050 1534 tant-a
1099 1470 1532 1549 aequabilitas
1581 1471 2010 1533 membrorum
2057 1468 2140 1531 sit
2191 1508 2277 1515 ——
2324 1488 2473 1532 nam
2536 1470 2812 1533 alterum

649 1717 686 1785 ¹)
727 1718 806 1769 De
857 1733 1025 1783 aequo
1086 1717 1443 1771 membrorum
1491 1716 1819 1782 syllabarum
1879 1732 2100 1768 numero
2157 1717 2408 1781 quoniam
2460 1716 2690 1784 agimuS,
2756 1716 2811 1768 in

465 1811 777 1858 transcursu
829 1807 1086 1859 addamus
1133 1806 1497 1873 compluribus
1548 1805 1678 1858 locis
1731 1805 2028 1883 orationem
2081 1806 2318 1859 auctoris
2357 1806 2458 1859 tali
2496 1804 2813 1871 parisosi

465 1910 600 1959 quae
652 1900 878 1948 vocatur
915 1901 1228 1949 exornatam
1267 1911 1397 1948 esse.
1473 1896 1665 1961 Itaque
1705 1910 1751 1948 e.
1792 1912 1844 1961 g.
1886 1894 2184 1947 sententias
2222 1894 2405 1947 adfero
2444 1910 2580 1959 quae
2618 1896 2704 1956 56,
2744 1895 2812 1948 13

466 1987 710 2035 exstant:

837 2078 930 2123 καὶ
968 2078 1032 2123 τὰ
1071 2078 1160 2139 μὲν
1201 2076 1341 2124 ἄλλα
1379 2077 1497 2136 τοὺς
1535 2078 1830 2139 χρωμένους
1871 2075 2177 2137 ἀνθρώπους
2216 2074 2439 2137 ἐλέγχει,

839 2166 898 2212 τὸ
937 2165 982 2212 δ’
1019 2165 1148 2227 ὕψος
1186 2165 1340 2229 ἐγγὺς
1381 2166 1513 2227 αἴρει
1552 2164 2012 2228 μεγαλοφροσὺνης
2051 2162 2179 2211 θεοῦ
2202 2178 2212 2189 ·

837 2255 930 2301 καὶ
967 2255 1026 2301 τὸ
1066 2256 1155 2316 μέν
1195 2254 1477 2302 ἄπταιστον
1517 2254 1577 2302 οὐ
1616 2254 1849 2316 ψέγεται.

837 2343 896 2389 τὸ
936 2343 1071 2405 μέγα
1107 2343 1166 2391 δὲ
1201 2344 1294 2391 καὶ
1331 2342 1675 2405 θαυμάζεται.

641 2444 724 2496 lbi
775 2446 879 2497 duo
931 2445 1108 2511 priora
1147 2447 1386 2499 membra
1425 2445 1616 2511 quinas
1654 2447 1819 2498 (lenas
1857 2446 2091 2510 syllabas
2130 2436 2403 2510 exhibent,
2458 2444 2813 2511 posteriorum

463 2534 696 2587 alt-erum
745 2534 943 2599 decem,
995 2535 1228 2587 alterum
1276 2551 1483 2589 novem.
1567 2536 1771 2588 Verum
1826 2550 1933 2586 non
1984 2534 2155 2585 80111111
2209 2532 2462 2599 parisosis
2508 2533 2811 2599 exemplum

463 2622 769 2688 praebetur,
808 2622 898 2674 sed
938 2622 1104 2675 etiam
1140 2624 1368 2676 duarum
1407 2624 1761 2678 antithesium
1800 2630 1853 2677 et
1893 2638 2078 2675 earum
2116 2622 2271 2675 valde
2310 2621 2651 2701 simplicium,
2691 2638 2812 2675 011111

464 2710 736 2763 sententia
783 2710 1112 2765 affirmativa
1165 2713 1477 2780 negativam
1530 2724 1803 2779 sequatur.
1880 2711 1990 2764 Nec
2028 2710 2208 2778 fugiet
2248 2726 2567 2775 quemquam
2606 2710 2813 2762 duabus

465 2799 827 2853 antithesibus
867 2816 1093 2865 qua-rum
1132 2799 1307 2855 initiis
1345 2802 1616 2867 anaphora
1655 2801 1837 2866 aliqua
1876 2802 2013 2854 latet
2053 2799 2165 2868 (καὶ
2204 2804 2271 2850 τὰ
2297 2803 2473 2865 μὲν-
2495 2803 2672 2851 καὶτὸ
2699 2799 2810 2869 μὲν)

463 2888 714 2954 aequales
765 2888 1064 2942 sententias
1114 2888 1394 2942 contineri.
1473 2890 1691 2942 Accedit
1740 2890 1877 2954 quod
1927 2888 1987 2941 in
2033 2889 2207 2941 altera
2244 2887 2509 2941 antithesi
2546 2887 2810 2941 homoi-

465 2977 842 3030 oteleuton
883 2976 966 3045 (οὐ
1005 2982 1308 3044 ψὲγεται-
1331 2977 1678 3046 θαυμάζεται)
1718 2983 1913 3031 exstat.

679 3066 954 3118 Similibus
1002 3066 1300 3120 rationibus
1323 3098 1386 3104 —
1409 3066 1637 3120 subtiles
1675 3066 1842 3120 Birtii
1891 3067 2291 3120 observationes
2334 3066 2516 3120 adfero
2540 3097 2603 3104 —
2626 3072 2814 3119 auctor

465 3153 693 3207 fortasse
741 3160 1034 3208 commotus
1086 3161 1186 3223 est,
1234 3162 1295 3208 ut
1348 3157 1398 3220 9,
1441 3158 1532 3211 12.
1557 3163 1683 3207 ante
1724 3158 2001 3220 ὑπερβολαὶ
2048 3156 2369 3207 vocabulum
2422 3160 2474 3206 αἱ
2521 3155 2811 3208 articulum

466 3242 758 3309 omitteret,
813 3260 917 3309 qua
968 3259 1023 3295 re
1075 3243 1267 3296 similis
1319 3244 1697 3296 vocabulorum
1736 3259 1896 3296 sonus
1948 3246 2148 3296 evasit:
2212 3248 2265 3295 αἱ
2317 3246 2693 3309 μεταβολαὶ-
2720 3249 2812 3295 καὶ

465 3334 760 3397 ὑπερβολαί.
819 3331 1001 3384 Etiam
1045 3333 1122 3397 11,
1150 3333 1184 3385 9
1222 3332 1384 3384 verba
1423 3338 1640 3385 exstant
1678 3332 1846 3401 (ligna
1886 3348 2022 3398 quae
2058 3332 2145 3384 hic
2172 3338 2667 3385 commemorentur.
2728 3332 2812 3384 Ibi

465 3420 609 3473 enim
659 3428 863 3487 auctor,
912 3436 1033 3473 cum
1071 3423 1253 3487 ἀμέλει
1304 3422 1622 3474 vocabulum
1675 3422 1732 3474 in
1780 3422 1885 3476 fine
1938 3420 2241 3475 sententiae
2280 3422 2477 3488 posuit,
2534 3421 2627 3487 qui
2665 3422 2812 3475 locus

463 3509 580 3562 01118
618 3508 867 3561 vocabuli
921 3526 952 3560 a
993 3510 1378 3563 consuetudine
1417 3510 1684 3573 abhorret,
1739 3527 1845 3563 non
1883 3511 2056 3563 solum
2093 3510 2271 3563 effecit
2318 3516 2381 3564 ut
2432 3510 2536 3562 duo
2575 3510 2812 3563 membra

464 3597 689 3651 totidem
729 3597 950 3663 syllabis
989 3598 1409 3664 continerentur,
1449 3599 1540 3652 sed
1579 3599 1746 3652 etiam
1785 3598 1925 3652 idem
1963 3614 2217 3652 numerus
2256 3599 2537 3651 evaderet:

1322 3708 1458 3756 ἐστιν
1497 3707 1531 3757 ἃ
1568 3709 1848 3771 παρέλιπεν

1318 3798 1410 3845 καὶ
1448 3798 1506 3845 τὸ
1545 3797 1721 3857 πάθος
1761 3797 1957 3861 ἀμέλει.

649 3899 861 3966 Optime
900 3906 1084 3953 autem
1121 3917 1258 3967 quae
1296 3900 1571 3968 scriptoris
1609 3902 1749 3955 ratio
1788 3902 1845 3953 in
1882 3902 2123 3954 oratione
2162 3900 2439 3954 formanda
2465 3900 2631 3954 fuerit
2658 3917 2723 3953 ex
2750 3916 2812 3954 οο

466 3988 814 4056 intellegitur
850 3990 990 4055 quod
1031 3990 1112 4057 16,
1151 3989 1185 4042 3
1224 3991 1386 4043 verba
1424 4007 1490 4043 ex
1520 3990 1718 4044 Genesi
1756 3996 2046 4057 assumpta,
2086 3996 2377 4056 antequam
2416 3990 2471 4043 in
2510 3990 2709 4043 librum
2748 3990 2812 4042 (10

467 4093 569 4143 quo
596 4078 808 4144 agimus
833 4077 1214 4144 insererent-ur,
1242 4078 1456 4131 omnino
1482 4078 1773 4133 immutata
1798 4084 1941 4133 sunt.
1999 4078 2269 4132 Nimirum
2295 4078 2812 4146 Pseudo—Longinus

466 4182 584 4218 eam
622 4166 980 4220 mutationem
1016 4166 1162 4233 fecit,
1201 4173 1264 4220 ut
1301 4168 1404 4220 duo
1443 4168 1748 4221 sententiae
1785 4168 2023 4221 membra
2061 4168 2339 4221 simillima
2376 4173 2581 4221 essent:

1247 4276 1496 4340 ’γενέσθω
1533 4280 1658 4340 φῶς,
1696 4280 1790 4327 καὶ
1828 4278 2037 4341 ἐγένετο
2060 4294 2071 4305 ·

1255 4364 1488 4428 γενέσθω
1526 4370 1612 4431 γῆ,
1651 4368 1745 4415 καὶ
1782 4367 2027 4431 ἐγένετό.
