3417 5059
1489 296 1932 393 —‘70-

535 543 682 589 rum
733 529 800 589 et
839 525 1224 590 ereticorum
1262 525 1412 590 inde
1452 545 1701 605 quoque
1739 524 2164 607 intellegitur,
2204 529 2371 607 quod
2410 526 2524 591 alii
2564 546 2707 591 cum
2746 526 2893 591 aliis

539 629 1037 713 coniunguntur.

723 738 921 803 Velut
957 738 1056 819 16,
1090 740 1129 802 2
1162 738 1428 821 legitur:
1475 740 1666 817 εὐθὺς
1699 742 1765 804 ἐν
1796 750 1870 824 τῇ
1904 740 2154 825 εἰσβολῇ
2188 737 2482 825 [γράψας]
2514 751 2638 805 τῶν
2670 742 2893 825 νόμων,

540 844 652 908 ubi
706 849 920 925 potest
976 844 1264 910 dubitari
1320 864 1406 909 an
1451 844 1795 926 synizesim
1848 857 1923 931 τῇ
1980 846 2229 932 εἰσβολῇ
2285 845 2627 926 patiantur
2673 846 2893 913 verba.

539 951 763 1029 Neque
772 950 978 1033 igitur
995 956 1092 1015 est
1114 954 1280 1032 quod
1299 951 1607 1016 miremur
1622 953 1976 1033 trochanS,
1992 951 2048 1015 si
2066 970 2207 1017 eum
2222 951 2482 1017 creticis
2500 951 2893 1033 coniungun-

538 1062 663 1139 tur,
703 1057 900 1121 etiam
936 1057 1110 1122 inter
1147 1077 1424 1139 paeones
1461 1057 1733 1122 misceri.
1818 1060 2034 1138 Atque
2066 1058 2163 1122 ita
2196 1059 2361 1139 3,13
2401 1060 2745 1122 trochaeus
2783 1058 2885 1123 bis

540 1182 849 1244 paeonem
913 1163 1230 1245 sequitur:
1295 1170 1404 1242 τὰς
1451 1168 1519 1231 δὲ
1562 1168 1911 1251 ποσότητας
1965 1168 2070 1230 καὶ
2127 1170 2231 1231 τον
2287 1164 2383 1250 ἐφ’
2432 1167 2717 1247 ἑκάστου,
2772 1184 2895 1245 quo

540 1270 676 1333 1000
741 1275 968 1335 auctor
1033 1271 1421 1352 repetitione
1475 1271 1727 1335 numeri
1783 1271 2177 1351 adsequitur,
2234 1276 2306 1335 ut
2362 1270 2571 1335 oratio
2625 1272 2893 1351 pulchra

540 1382 609 1440 et
664 1396 1002 1441 numerosa
1062 1380 1318 1443 evadat.
1421 1379 1554 1442 Nec
1609 1380 1812 1442 solum
1868 1397 2009 1442 cum
2058 1377 2314 1442 creticis
2363 1382 2479 1441 aut
2525 1377 2895 1459 paeonibus

539 1486 655 1548 sed
723 1483 920 1547 etiam
988 1504 1129 1549 cum
1195 1484 1710 1567 palimbaccheiS,
1769 1484 2005 1565 quippe
2061 1484 2169 1564 qui
2228 1504 2262 1547 e
2318 1483 2672 1565 paeonibus
2728 1483 2894 1548 deri-

543 1595 798 1671 ventur,
856 1590 1146 1654 trochaei
1195 1590 1690 1673 coniunguntur,
1749 1591 1931 1656 velut
1991 1590 2090 1673 13,
2151 1592 2183 1653 1
2244 1594 2368 1655 duo
2424 1590 2733 1671 trochaei,
2786 1589 2896 1669 qui

541 1699 820 1777 spondeo
868 1698 1038 1761 alter
1085 1699 1168 1761 ab
1217 1699 1424 1761 altero
1471 1696 1747 1762 seiuncti
1803 1702 1969 1776 sunt,
2027 1700 2183 1762 duos
2238 1697 2752 1778 palimbaccheos
2798 1714 2893 1760 se·

543 1808 853 1883 quantur:
920 1818 1026 1869 τοῦ
1093 1809 1319 1881 παντὸς
1383 1808 1602 1881 αἰῶνος
1667 1806 2007 1890 ἐξενεγκεῖν
2067 1806 2251 1883 ἄξιον.
2352 1806 2510 1869 Cum
2566 1805 2760 1868 semel
2818 1806 2895 1867 de

543 1909 842 1974 baccheis
900 1915 966 1975 et
1021 1910 1522 1991 palimbaccheis
1577 1910 1984 1993 disseramus
2040 1910 2169 1975 iam
2216 1930 2453 1991 paucos
2499 1912 2669 1975 locos
2716 1911 2893 1974 adfe-

543 2034 760 2080 ramus
817 2017 1047 2096 quibus
1104 2022 1329 2082 auctor
1384 2017 1452 2082 in
1510 2020 1630 2082 hac
1685 2037 1878 2097 quam
1927 2022 2283 2082 tractamus
2329 2017 2534 2081 libelli
2580 2022 2770 2098 parte
2815 2016 2894 2081 iis

543 2142 695 2187 usus
743 2128 858 2188 est.
959 2126 1191 2203 Itaque
1239 2124 1705 2205 palimbacchei
1753 2130 1827 2189 ut
1878 2125 1977 2205 13,
2030 2126 2061 2187 1
2114 2144 2255 2188 cum
2304 2123 2643 2205 trochaeiS,
2690 2122 2787 2187 ita
2835 2124 2893 2205 8,

548 2228 630 2292 10
679 2249 819 2293 011111
851 2214 1204 2310 paeonibus
1253 2231 1574 2295 coniuncti
1611 2236 1787 2295 sunt:
1829 2232 2083 2317 Τίμαιος
2131 2232 2214 2307 ὡς
2261 2232 2494 2317 φωρίου
2540 2235 2699 2307 τινος
2746 2234 2894 2315 ἐφα-

544 2338 857 2422 πτόμενος.
970 2338 1028 2405 9.
1098 2339 1180 2401 19
1246 2344 1381 2402 tres
1446 2338 1747 2417 deinceps
1802 2336 2269 2418 palimbacchei
2325 2336 2471 2418 puri
2524 2342 2893 2401 occurrunt:

545 2440 808 2529 πολ]λῆς
842 2447 967 2510 ἐστι
999 2446 1212 2531 πείρας
1244 2448 1593 2511 τελευταῖον
1641 2445 2031 2532 ἐπιγέννημα,
2084 2464 2225 2508 011111
2258 2443 2533 2507 dimeter
2580 2445 2894 2508 baccheus

545 2548 606 2629 5,
658 2550 738 2613 13
789 2557 1025 2615 exstet:
1074 2555 1329 2638 γελᾶται
1376 2555 1737 2640 γράφοντος.

725 2657 863 2720 Iam
920 2663 1056 2721 tres
1112 2660 1278 2722 locos
1337 2658 1706 2722 adferamus
1763 2657 1994 2738 quibus
2050 2656 2401 2721 choriambi
2457 2657 2895 2725 inveniuntur.

546 2761 696 2825 Bini
747 2762 914 2827 enim
966 2765 1066 2846 15,
1119 2766 1197 2827 17
1248 2764 1676 2850 (θεσμοθέτης
1724 2768 1841 2850 οὐχ
1888 2766 1920 2829 ὁ
1967 2763 2197 2850 τυχών)
2247 2769 2312 2827 et
2369 2764 2470 2845 17,
2516 2764 2557 2827 ὃ
2606 2763 2897 2849 (λείψανα

545 2880 668 2934 τῶν
727 2870 1036 2954 Ἰλιακῶν)
1094 2876 1455 2953 occurrunt,
1511 2890 1655 2935 cum
1716 2870 1815 2951 10,
1875 2871 1959 2934 lo
2014 2876 2149 2934 tres
2196 2870 2499 2950 deinceps
2544 2876 2901 2949 sequantur

545 2975 753 3062 (μέχρι
812 2980 998 3064 μόνης
1043 2990 1151 3063 τῆς
1197 2982 1391 3064 ἀκοῆς
1438 2976 1837 3064 σῳζόμενον).
1936 2978 2077 3042 Uno
2124 2978 2261 3041 loco
2308 2980 2430 3042 duo
2476 2976 2668 3041 ionici
2717 2976 2900 3041 nobis

547 3082 722 3149 obvii
770 3088 945 3147 sunt:
995 3084 1052 3150 ὅ.
1087 3086 1125 3147 2
1150 3090 1220 3150 τὸ
1269 3089 1377 3171 μὲν
1425 3088 1628 3151 οἰδοῢν
1675 3086 2036 3170 ὑπεραίρειν.
2104 3086 2243 3147 Iam
2290 3104 2445 3149 vero
2493 3085 2659 3148 hanc
2704 3103 2899 3163 quae-

545 3189 819 3253 stionem
885 3210 1293 3255 numerorum
1355 3191 1425 3255 in
1489 3191 1717 3255 mediis
1783 3190 2339 3255 enuntiationibus
2404 3190 2752 3270 positorum
2818 3193 2900 3254 ad

545 3295 736 3359 finem
769 3296 1073 3377 ducimus,
1107 3316 1248 3361 cum
1280 3300 1435 3361 duos
1459 3299 1629 3362 locos
1654 3298 1886 3378 quibus
1911 3316 2212 3362 numerus
2235 3297 2642 3378 logaoedicus
2667 3316 2900 3379 cogno-

547 3401 750 3467 scitur
798 3422 1373 3475 commemoramus.
1468 3406 1526 3487 2,
1560 3405 1645 3469 26
1694 3409 1922 3469 auctor
1960 3409 2165 3468 metro
2198 3406 2617 3485 pherecrateo
2666 3403 2900 3469 utitur:

545 3508 642 3594 ἐκ]
677 3512 1048 3597 φαινομένην
1081 3513 1336 3597 ὁρῶμεν,
1369 3531 1511 3576 011111
1542 3512 1600 3593 4,
1637 3513 1715 3574 11
1754 3514 1876 3576 duo
1910 3510 2210 3591 deinceps
2240 3510 2553 3592 glyconei,
2586 3514 2902 3576 secundus

547 3616 839 3699 primum,
887 3622 1267 3697 sequantur:
1316 3624 1425 3704 τὴν
1473 3622 1572 3684 ἐπὶ
1617 3630 1744 3684 τῶν
1789 3618 2207 3704 προκειμένων
2254 3619 2555 3703 ἡγήσαιτο
2603 3619 2897 3703 θεωρίαν.

727 3723 974 3806 Quibus
1001 3724 1309 3805 expositis
1335 3727 1414 3788 de
1439 3724 1762 3789 nonnullis
1788 3724 2170 3789 clausulis
2197 3723 2712 3788 enuntiationum
2737 3743 2902 3803 quae

547 3828 615 3893 in
662 3829 985 3909 prioribus
1023 3849 1252 3895 novem
1293 3831 1614 3912 capitibus
1647 3836 1911 3900 exstant
1950 3831 2336 3895 disseramus
2376 3838 2442 3893 et
2474 3832 2903 3911 ostendamus,

545 3934 657 4014 qui
705 3936 954 3999 numeri
1001 3936 1081 4001 iis
1129 3937 1601 4019 contineantur,
1649 3957 2037 4018 quamquam
2074 3936 2690 4018 Pseudo-Longinus
2728 3938 2901 4000 clau-

545 4042 723 4106 sulas
778 4041 902 4105 nisi
959 4062 1083 4107 11110
1139 4046 1274 4108 1000
1330 4045 1464 4128 (63,
1519 4045 1561 4107 6
1620 4044 2016 4129 καταλήξεις)
2064 4063 2191 4108 11011
2237 4042 2507 4124 attingit
2556 4063 2673 4107 nec
2720 4062 2903 4123 sepa-

548 4148 744 4212 ratim
791 4151 872 4213 de
918 4149 997 4213 iis
1045 4150 1198 4233 agit.

725 4258 960 4337 Itaque
1007 4257 1212 4339 primo
1258 4260 1394 4323 loco
1443 4258 1717 4323 creticos
1764 4258 2151 4323 adferamus.
2217 4256 2368 4321 Bini
2415 4262 2633 4322 autem
2681 4255 2905 4321 cretici

548 4362 695 4443 puri
727 4382 894 4445 rar0,
935 4364 1182 4428 scilicet
1222 4364 1323 4429 his
1355 4364 1773 4445 reperiuntur
1804 4364 1982 4429 locis:
2034 4366 2089 4445 1,
2122 4364 2161 4426 6
2195 4362 2379 4448 δυ]εῐν
2418 4365 2903 4449 ἀπαιτουμένων.
