<?xml version="1.0" encoding="UTF-8"?>
<!DOCTYPE html PUBLIC "-//W3C//DTD XHTML 1.0 Transitional//EN"
    "http://www.w3.org/TR/xhtml1/DTD/xhtml1-transitional.dtd">
<html xmlns="http://www.w3.org/1999/xhtml" xml:lang="en" lang="en">
 <head>
  <title>
</title>
<meta http-equiv="Content-Type" content="text/html;charset=utf-8" />
  <meta name='ocr-system' content='tesseract 3.04.00' />
  <meta name='ocr-capabilities' content='ocr_page ocr_carea ocr_par ocr_line ocrx_word'/>
</head>
<body>
  <div class='ocr_page' id='page_1' title='image "./deanonymiperihy01freygoog_0071.png"; bbox 0 0 3417 5059; ppageno 0'>
   <div class='ocr_carea' id='block_1_1' title="bbox 1499 358 1941 423">
    <p class='ocr_par' dir='ltr' id='par_1_1' title="bbox 1499 358 1941 423">
     <span class='ocr_line' id='line_1_1' title="bbox 1499 358 1941 423; baseline 0.005 -22"><span class='ocrx_word' id='word_1_1' title='bbox 1499 358 1941 423; x_wconf 63' lang='lat'><strong>-53-„</strong></span> 
     </span>
    </p>
   </div>
   <div class='ocr_carea' id='block_1_2' title="bbox 540 550 2896 4472">
    <p class='ocr_par' dir='ltr' id='par_1_2' title="bbox 540 550 2895 2345">
     <span class='ocr_line' id='line_1_2' title="bbox 541 550 2894 631; baseline -0.002 -14"><span class='ocrx_word' id='word_1_2' title='bbox 541 557 764 617; x_wconf 87' lang='lat' dir='ltr'>autem</span> <span class='ocrx_word' id='word_1_3' title='bbox 810 552 1063 617; x_wconf 89' lang='lat' dir='ltr'>illorum</span> <span class='ocrx_word' id='word_1_4' title='bbox 1110 554 1389 618; x_wconf 90' lang='lat' dir='ltr'>locorum</span> <span class='ocrx_word' id='word_1_5' title='bbox 1438 573 1477 618; x_wconf 88' lang='lat' dir='ltr'>a</span> <span class='ocrx_word' id='word_1_6' title='bbox 1515 552 1922 619; x_wconf 80' lang='lat' dir='ltr'>brevioribus</span> <span class='ocrx_word' id='word_1_7' title='bbox 1959 552 2182 616; x_wconf 88' lang='lat' dir='ltr'>metris</span> <span class='ocrx_word' id='word_1_8' title='bbox 2220 554 2303 615; x_wconf 88' lang='lat' dir='ltr'>ad</span> <span class='ocrx_word' id='word_1_9' title='bbox 2341 550 2590 615; x_wconf 87' lang='lat' dir='ltr'>maiora</span> <span class='ocrx_word' id='word_1_10' title='bbox 2628 568 2894 631; x_wconf 86' lang='lat' dir='ltr'>progre-</span> 
     </span>
     <span class='ocr_line' id='line_1_3' title="bbox 543 656 2892 739; baseline -0.002 -17"><span class='ocrx_word' id='word_1_11' title='bbox 543 657 815 723; x_wconf 84' lang='lat' dir='ltr'><strong>diamur.</strong></span> <span class='ocrx_word' id='word_1_12' title='bbox 922 660 1154 738; x_wconf 80' lang='lat' dir='ltr'>Itaque</span> <span class='ocrx_word' id='word_1_13' title='bbox 1209 658 1492 739; x_wconf 83' lang='lat' dir='ltr'>tripodia</span> <span class='ocrx_word' id='word_1_14' title='bbox 1548 659 1933 724; x_wconf 88' lang='lat' dir='ltr'>catalectica</span> <span class='ocrx_word' id='word_1_15' title='bbox 1982 660 2087 724; x_wconf 90' lang='lat' dir='ltr'>vel</span> <span class='ocrx_word' id='word_1_16' title='bbox 2148 656 2686 739; x_wconf 74' lang='lat' dir='ltr'>penthemimeres</span> <span class='ocrx_word' id='word_1_17' title='bbox 2750 658 2805 720; x_wconf 92' lang='lat'>1.</span> <span class='ocrx_word' id='word_1_18' title='bbox 2854 656 2892 717; x_wconf 84' lang='lat'><strong>2</strong></span> 
     </span>
     <span class='ocr_line' id='line_1_4' title="bbox 545 762 2895 852; baseline -0.001 -24"><span class='ocrx_word' id='word_1_19' title='bbox 545 767 894 829; x_wconf 80' lang='lat' dir='ltr'>statuenda</span> <span class='ocrx_word' id='word_1_20' title='bbox 927 772 1049 828; x_wconf 82' lang='lat' dir='ltr'>est:</span> <span class='ocrx_word' id='word_1_21' title='bbox 1099 768 1181 843; x_wconf 77' lang='grc' dir='ltr'>ὡς</span> <span class='ocrx_word' id='word_1_22' title='bbox 1228 766 1418 831; x_wconf 76' lang='grc' dir='ltr'>οἶσθα</span> <span class='ocrx_word' id='word_1_23' title='bbox 1466 780 1658 852; x_wconf 82' lang='grc' dir='ltr'>κοινῇ.</span> <span class='ocrx_word' id='word_1_24' title='bbox 1752 765 2263 830; x_wconf 75' lang='lat' dir='ltr'>Acatalecticam</span> <span class='ocrx_word' id='word_1_25' title='bbox 2310 762 2655 844; x_wconf 81' lang='lat' dir='ltr'>tripodiam</span> <span class='ocrx_word' id='word_1_26' title='bbox 2703 782 2895 842; x_wconf 90' lang='lat' dir='ltr'>quam</span> 
     </span>
     <span class='ocr_line' id='line_1_5' title="bbox 543 868 2894 960; baseline -0.001 -25"><span class='ocrx_word' id='word_1_27' title='bbox 543 870 823 936; x_wconf 82' lang='lat' dir='ltr'>creticus</span> <span class='ocrx_word' id='word_1_28' title='bbox 855 871 1147 951; x_wconf 80' lang='lat' dir='ltr'>sequitur</span> <span class='ocrx_word' id='word_1_29' title='bbox 1174 873 1373 952; x_wconf 85' lang='grc'>14,12</span> <span class='ocrx_word' id='word_1_30' title='bbox 1405 872 1702 953; x_wconf 85' lang='lat' dir='ltr'>legimus:</span> <span class='ocrx_word' id='word_1_31' title='bbox 1737 875 2101 960; x_wconf 77' lang='grc' dir='ltr'>ἐπιβλέπεις,</span> <span class='ocrx_word' id='word_1_32' title='bbox 2131 874 2349 957; x_wconf 79' lang='grc' dir='ltr'>ἑταῖρε,</span> <span class='ocrx_word' id='word_1_33' title='bbox 2376 873 2460 947; x_wconf 84' lang='grc' dir='ltr'>ὡς</span> <span class='ocrx_word' id='word_1_34' title='bbox 2491 868 2894 955; x_wconf 67' lang='grc' dir='ltr'>ἀνα1ρρηγνυ-</span> 
     </span>
     <span class='ocr_line' id='line_1_6' title="bbox 541 978 2895 1066; baseline -0.002 -22"><span class='ocrx_word' id='word_1_35' title='bbox 541 980 747 1065; x_wconf 78' lang='grc' dir='ltr'>μένης,</span> <span class='ocrx_word' id='word_1_36' title='bbox 799 980 1074 1042; x_wconf 88' lang='lat' dir='ltr'>alteram</span> <span class='ocrx_word' id='word_1_37' title='bbox 1113 981 1330 1042; x_wconf 82' lang='lat' dir='ltr'>eodem</span> <span class='ocrx_word' id='word_1_38' title='bbox 1371 999 1588 1044; x_wconf 85' lang='lat' dir='ltr'>versu:</span> <span class='ocrx_word' id='word_1_39' title='bbox 1636 978 2199 1066; x_wconf 70' lang='grc' dir='ltr'>ἀναρρηγνυῙμὲνης</span> <span class='ocrx_word' id='word_1_40' title='bbox 2232 982 2340 1064; x_wconf 87' lang='grc' dir='ltr'>μὲν</span> <span class='ocrx_word' id='word_1_41' title='bbox 2372 982 2445 1042; x_wconf 86' lang='grc' dir='ltr'>ὲκ</span> <span class='ocrx_word' id='word_1_42' title='bbox 2478 978 2733 1061; x_wconf 73' lang='grc' dir='ltr'>βάθρων</span> <span class='ocrx_word' id='word_1_43' title='bbox 2764 988 2895 1061; x_wconf 83' lang='grc' dir='ltr'>γῆς.</span> 
     </span>
     <span class='ocr_line' id='line_1_7' title="bbox 545 1083 2893 1166; baseline -0.001 -19"><span class='ocrx_word' id='word_1_44' title='bbox 545 1084 823 1148; x_wconf 90' lang='lat' dir='ltr'>Dimetri</span> <span class='ocrx_word' id='word_1_45' title='bbox 871 1084 1254 1153; x_wconf 76' lang='lat' dir='ltr'>catalectici.</span> <span class='ocrx_word' id='word_1_46' title='bbox 1311 1086 1422 1166; x_wconf 90' lang='lat' dir='ltr'>qui</span> <span class='ocrx_word' id='word_1_47' title='bbox 1468 1105 1696 1152; x_wconf 86' lang='lat' dir='ltr'>versus</span> <span class='ocrx_word' id='word_1_48' title='bbox 1752 1094 2221 1150; x_wconf 87' lang='lat' dir='ltr'>anacreonteus</span> <span class='ocrx_word' id='word_1_49' title='bbox 2276 1083 2661 1163; x_wconf 87' lang='lat' dir='ltr'>appellatur,</span> <span class='ocrx_word' id='word_1_50' title='bbox 2728 1084 2893 1145; x_wconf 78' lang='lat' dir='ltr'>duae</span> 
     </span>
     <span class='ocr_line' id='line_1_8' title="bbox 542 1189 2893 1279; baseline -0.002 -26"><span class='ocrx_word' id='word_1_51' title='bbox 542 1192 791 1254; x_wconf 80' lang='lat' dir='ltr'>formae</span> <span class='ocrx_word' id='word_1_52' title='bbox 830 1195 1108 1261; x_wconf 82' lang='lat' dir='ltr'>exstant.</span> <span class='ocrx_word' id='word_1_53' title='bbox 1159 1194 1370 1257; x_wconf 86' lang='lat' dir='ltr'>alt-era</span> <span class='ocrx_word' id='word_1_54' title='bbox 1421 1194 1521 1259; x_wconf 82' lang='lat'>18.</span> <span class='ocrx_word' id='word_1_55' title='bbox 1555 1194 1620 1257; x_wconf 90' lang='lat'>4:</span> <span class='ocrx_word' id='word_1_56' title='bbox 1668 1206 1862 1279; x_wconf 84' lang='grc' dir='ltr'>γῆρας</span> <span class='ocrx_word' id='word_1_57' title='bbox 1894 1192 1946 1259; x_wconf 86' lang='grc' dir='ltr'>δ’</span> <span class='ocrx_word' id='word_1_58' title='bbox 1981 1197 2143 1278; x_wconf 82' lang='grc' dir='ltr'>ὅμως</span> <span class='ocrx_word' id='word_1_59' title='bbox 2175 1190 2466 1276; x_wconf 50' lang='lat' dir='ltr'>‘Op-&amp;pom</span> <span class='ocrx_word' id='word_1_60' title='bbox 2500 1189 2711 1253; x_wconf 90' lang='lat' dir='ltr'>altera</span> <span class='ocrx_word' id='word_1_61' title='bbox 2742 1190 2801 1260; x_wconf 78' lang='lat'>9,</span> <span class='ocrx_word' id='word_1_62' title='bbox 2830 1190 2893 1250; x_wconf 79' lang='lat'>7:</span> 
     </span>
     <span class='ocr_line' id='line_1_9' title="bbox 540 1297 2893 1384; baseline -0 -22"><span class='ocrx_word' id='word_1_63' title='bbox 540 1300 1024 1384; x_wconf 85' lang='grc' dir='ltr'>κορυβαντιῶσιν</span> <span class='ocrx_word' id='word_1_64' title='bbox 1073 1302 1127 1364; x_wconf 83' lang='grc' dir='ltr'>οἱ</span> <span class='ocrx_word' id='word_1_65' title='bbox 1175 1314 1298 1365; x_wconf 76' lang='grc' dir='ltr'>νῦν.</span> <span class='ocrx_word' id='word_1_66' title='bbox 1406 1302 1508 1364; x_wconf 80' lang='lat' dir='ltr'>Ad</span> <span class='ocrx_word' id='word_1_67' title='bbox 1558 1320 1667 1364; x_wconf 89' lang='lat' dir='ltr'>eas</span> <span class='ocrx_word' id='word_1_68' title='bbox 1705 1298 2287 1380; x_wconf 80' lang='lat' dir='ltr'>hephtliemimeres</span> <span class='ocrx_word' id='word_1_69' title='bbox 2326 1297 2730 1360; x_wconf 80' lang='lat' dir='ltr'>adnectenda</span> <span class='ocrx_word' id='word_1_70' title='bbox 2778 1299 2893 1361; x_wconf 88' lang='lat' dir='ltr'>est.</span> 
     </span>
     <span class='ocr_line' id='line_1_10' title="bbox 543 1401 2892 1487; baseline -0.001 -20"><span class='ocrx_word' id='word_1_71' title='bbox 543 1424 714 1483; x_wconf 89' lang='lat' dir='ltr'>quae</span> <span class='ocrx_word' id='word_1_72' title='bbox 759 1404 1063 1469; x_wconf 88' lang='lat' dir='ltr'>maiorem</span> <span class='ocrx_word' id='word_1_73' title='bbox 1111 1405 1392 1469; x_wconf 77' lang='lat' dir='ltr'>trimetri</span> <span class='ocrx_word' id='word_1_74' title='bbox 1439 1412 1692 1486; x_wconf 88' lang='lat' dir='ltr'>partem</span> <span class='ocrx_word' id='word_1_75' title='bbox 1742 1405 2044 1487; x_wconf 89' lang='lat' dir='ltr'>continet,</span> <span class='ocrx_word' id='word_1_76' title='bbox 2102 1404 2362 1484; x_wconf 88' lang='lat' dir='ltr'>eiusque</span> <span class='ocrx_word' id='word_1_77' title='bbox 2418 1406 2540 1467; x_wconf 88' lang='lat' dir='ltr'>duo</span> <span class='ocrx_word' id='word_1_78' title='bbox 2602 1401 2892 1481; x_wconf 86' lang='lat' dir='ltr'>exempla</span> 
     </span>
     <span class='ocr_line' id='line_1_11' title="bbox 546 1511 2894 1598; baseline 0 -25"><span class='ocrx_word' id='word_1_79' title='bbox 546 1512 878 1589; x_wconf 64' lang='lat' dir='ltr'>leguntur:</span> <span class='ocrx_word' id='word_1_80' title='bbox 928 1514 986 1593; x_wconf 77' lang='lat'>2,</span> <span class='ocrx_word' id='word_1_81' title='bbox 1024 1511 1103 1575; x_wconf 90' lang='grc'>10</span> <span class='ocrx_word' id='word_1_82' title='bbox 1152 1514 1416 1598; x_wconf 73' lang='grc' dir='ltr'>φέρε,εἰ’</span> <span class='ocrx_word' id='word_1_83' title='bbox 1458 1538 1511 1578; x_wconf 91' lang='grc' dir='ltr'>τι</span> <span class='ocrx_word' id='word_1_84' title='bbox 1561 1516 1634 1598; x_wconf 81' lang='grc' dir='ltr'>δὴ</span> <span class='ocrx_word' id='word_1_85' title='bbox 1669 1516 1973 1598; x_wconf 81' lang='grc' dir='ltr'>δοκοῦμεν</span> <span class='ocrx_word' id='word_1_86' title='bbox 2012 1519 2078 1575; x_wconf 86' lang='lat' dir='ltr'>et</span> <span class='ocrx_word' id='word_1_87' title='bbox 2120 1513 2174 1593; x_wconf 85' lang='lat'>7,</span> <span class='ocrx_word' id='word_1_88' title='bbox 2209 1512 2286 1574; x_wconf 90' lang='lat'>11</span> <span class='ocrx_word' id='word_1_89' title='bbox 2339 1512 2393 1575; x_wconf 80' lang='grc' dir='ltr'>οἱ</span> <span class='ocrx_word' id='word_1_90' title='bbox 2427 1514 2535 1595; x_wconf 87' lang='grc' dir='ltr'>μὲν</span> <span class='ocrx_word' id='word_1_91' title='bbox 2565 1512 2894 1595; x_wconf 81' lang='grc' dir='ltr'>τριάκοντα</span> 
     </span>
     <span class='ocr_line' id='line_1_12' title="bbox 544 1616 2893 1699; baseline -0.002 -16"><span class='ocrx_word' id='word_1_92' title='bbox 544 1622 724 1683; x_wconf 79' lang='grc' dir='ltr'>ἔτεσι.</span> <span class='ocrx_word' id='word_1_93' title='bbox 775 1618 1254 1683; x_wconf 79' lang='lat' dir='ltr'>Acatalecticus</span> <span class='ocrx_word' id='word_1_94' title='bbox 1285 1619 1560 1683; x_wconf 82' lang='lat' dir='ltr'>dimeter</span> <span class='ocrx_word' id='word_1_95' title='bbox 1591 1624 1901 1699; x_wconf 88' lang='lat' dir='ltr'>quattuor</span> <span class='ocrx_word' id='word_1_96' title='bbox 1931 1618 2085 1682; x_wconf 88' lang='lat' dir='ltr'>locis</span> <span class='ocrx_word' id='word_1_97' title='bbox 2117 1616 2299 1681; x_wconf 90' lang='lat' dir='ltr'>nobis</span> <span class='ocrx_word' id='word_1_98' title='bbox 2332 1616 2627 1680; x_wconf 89' lang='lat' dir='ltr'>occurrit.</span> <span class='ocrx_word' id='word_1_99' title='bbox 2676 1618 2893 1695; x_wconf 82' lang='lat' dir='ltr'>Atque</span> 
     </span>
     <span class='ocr_line' id='line_1_13' title="bbox 549 1720 2894 1810; baseline -0.002 -21"><span class='ocrx_word' id='word_1_100' title='bbox 549 1744 671 1789; x_wconf 89' lang='lat' dir='ltr'>uno</span> <span class='ocrx_word' id='word_1_101' title='bbox 704 1724 957 1804; x_wconf 82' lang='lat' dir='ltr'>quidem</span> <span class='ocrx_word' id='word_1_102' title='bbox 987 1725 1123 1789; x_wconf 91' lang='lat' dir='ltr'>loco</span> <span class='ocrx_word' id='word_1_103' title='bbox 1162 1725 1293 1807; x_wconf 86' lang='grc'>(10,</span> <span class='ocrx_word' id='word_1_104' title='bbox 1327 1726 1396 1810; x_wconf 78' lang='lat'>5)</span> <span class='ocrx_word' id='word_1_105' title='bbox 1435 1725 1678 1807; x_wconf 88' lang='lat' dir='ltr'>primus</span> <span class='ocrx_word' id='word_1_106' title='bbox 1718 1746 1829 1807; x_wconf 90' lang='lat' dir='ltr'>pes</span> <span class='ocrx_word' id='word_1_107' title='bbox 1862 1729 2255 1805; x_wconf 75' lang='lat' dir='ltr'>anapaestus</span> <span class='ocrx_word' id='word_1_108' title='bbox 2288 1727 2403 1805; x_wconf 89' lang='lat' dir='ltr'>est,</span> <span class='ocrx_word' id='word_1_109' title='bbox 2436 1722 2669 1802; x_wconf 85' lang='lat' dir='ltr'>reliqui</span> <span class='ocrx_word' id='word_1_110' title='bbox 2696 1720 2894 1785; x_wconf 87' lang='lat' dir='ltr'>iambi</span> 
     </span>
     <span class='ocr_line' id='line_1_14' title="bbox 546 1828 2893 1919; baseline -0.001 -25"><span class='ocrx_word' id='word_1_111' title='bbox 546 1836 722 1895; x_wconf 79' lang='lat' dir='ltr'>sunt:</span> <span class='ocrx_word' id='word_1_112' title='bbox 757 1836 901 1897; x_wconf 79' lang='grc' dir='ltr'>ὅταν</span> <span class='ocrx_word' id='word_1_113' title='bbox 934 1831 1039 1896; x_wconf 81' lang='grc' dir='ltr'>οὖν</span> <span class='ocrx_word' id='word_1_114' title='bbox 1072 1831 1172 1897; x_wconf 79' lang='grc' dir='ltr'>ὑπ’</span> <span class='ocrx_word' id='word_1_115' title='bbox 1205 1836 1422 1918; x_wconf 79' lang='grc' dir='ltr'>ἀνδρὸς</span> <span class='ocrx_word' id='word_1_116' title='bbox 1455 1837 1774 1919; x_wconf 74' lang='grc' dir='ltr'>ἔμφρονος,</span> <span class='ocrx_word' id='word_1_117' title='bbox 1816 1833 2023 1896; x_wconf 85' lang='lat' dir='ltr'>altero</span> <span class='ocrx_word' id='word_1_118' title='bbox 2055 1833 2191 1895; x_wconf 85' lang='lat' dir='ltr'>loco</span> <span class='ocrx_word' id='word_1_119' title='bbox 2239 1830 2370 1913; x_wconf 76' lang='lat'>(18,</span> <span class='ocrx_word' id='word_1_120' title='bbox 2407 1830 2473 1914; x_wconf 86' lang='lat'>7)</span> <span class='ocrx_word' id='word_1_121' title='bbox 2522 1828 2657 1895; x_wconf 88' lang='lat' dir='ltr'>bini</span> <span class='ocrx_word' id='word_1_122' title='bbox 2694 1828 2893 1892; x_wconf 88' lang='lat' dir='ltr'>iambi</span> 
     </span>
     <span class='ocr_line' id='line_1_15' title="bbox 547 1938 2892 2026; baseline -0.001 -25"><span class='ocrx_word' id='word_1_123' title='bbox 547 1944 771 2001; x_wconf 80' lang='lat' dir='ltr'>ternas</span> <span class='ocrx_word' id='word_1_124' title='bbox 817 1938 1104 2018; x_wconf 83' lang='lat' dir='ltr'>Syllabas</span> <span class='ocrx_word' id='word_1_125' title='bbox 1152 1940 1385 2003; x_wconf 83' lang='lat' dir='ltr'>breves</span> <span class='ocrx_word' id='word_1_126' title='bbox 1422 1947 1805 2018; x_wconf 81' lang='lat' dir='ltr'>sequuntur:</span> <span class='ocrx_word' id='word_1_127' title='bbox 1846 1942 2209 2026; x_wconf 76' lang='grc' dir='ltr'>μεγαλοφυῆ</span> <span class='ocrx_word' id='word_1_128' title='bbox 2246 1938 2719 2023; x_wconf 76' lang='grc' dir='ltr'>παρατρέπεται,</span> <span class='ocrx_word' id='word_1_129' title='bbox 2760 1941 2892 1998; x_wconf 83' lang='lat' dir='ltr'>ter-</span> 
     </span>
     <span class='ocr_line' id='line_1_16' title="bbox 547 2044 2891 2127; baseline -0.001 -19"><span class='ocrx_word' id='word_1_130' title='bbox 547 2044 638 2108; x_wconf 92' lang='lat' dir='ltr'>tio</span> <span class='ocrx_word' id='word_1_131' title='bbox 685 2044 927 2126; x_wconf 89' lang='lat' dir='ltr'>primus</span> <span class='ocrx_word' id='word_1_132' title='bbox 975 2064 1120 2125; x_wconf 84' lang='lat' dir='ltr'>spes</span> <span class='ocrx_word' id='word_1_133' title='bbox 1167 2048 1482 2125; x_wconf 83' lang='lat' dir='ltr'>spondeus</span> <span class='ocrx_word' id='word_1_134' title='bbox 1531 2051 1646 2127; x_wconf 84' lang='lat' dir='ltr'>est,</span> <span class='ocrx_word' id='word_1_135' title='bbox 1685 2045 1922 2109; x_wconf 87' lang='lat' dir='ltr'>tertius</span> <span class='ocrx_word' id='word_1_136' title='bbox 1970 2051 2390 2125; x_wconf 74' lang='lat' dir='ltr'>anapaestus:</span> <span class='ocrx_word' id='word_1_137' title='bbox 2438 2045 2491 2109; x_wconf 90' lang='lat'>1.</span> <span class='ocrx_word' id='word_1_138' title='bbox 2518 2044 2558 2105; x_wconf 91' lang='grc'>4</span> <span class='ocrx_word' id='word_1_139' title='bbox 2596 2055 2719 2108; x_wconf 83' lang='grc' dir='ltr'>τῶν</span> <span class='ocrx_word' id='word_1_140' title='bbox 2757 2067 2891 2107; x_wconf 84' lang='grc' dir='ltr'>και-</span> 
     </span>
     <span class='ocr_line' id='line_1_17' title="bbox 544 2150 2893 2238; baseline -0.001 -23"><span class='ocrx_word' id='word_1_141' title='bbox 544 2153 692 2238; x_wconf 83' lang='grc' dir='ltr'>ρίων</span> <span class='ocrx_word' id='word_1_142' title='bbox 740 2154 1182 2237; x_wconf 75' lang='grc' dir='ltr'>ἐφαπτόμενον,</span> <span class='ocrx_word' id='word_1_143' title='bbox 1241 2160 1473 2232; x_wconf 88' lang='lat' dir='ltr'>quarto</span> <span class='ocrx_word' id='word_1_144' title='bbox 1531 2160 1859 2217; x_wconf 85' lang='lat' dir='ltr'>extremus</span> <span class='ocrx_word' id='word_1_145' title='bbox 1916 2172 2027 2233; x_wconf 85' lang='lat' dir='ltr'>pes</span> <span class='ocrx_word' id='word_1_146' title='bbox 2084 2157 2478 2231; x_wconf 74' lang='lat' dir='ltr'>anapaestus</span> <span class='ocrx_word' id='word_1_147' title='bbox 2535 2158 2658 2213; x_wconf 90' lang='lat' dir='ltr'>est:</span> <span class='ocrx_word' id='word_1_148' title='bbox 2696 2150 2774 2225; x_wconf 79' lang='grc'>,2,</span> <span class='ocrx_word' id='word_1_149' title='bbox 2812 2150 2893 2212; x_wconf 92' lang='grc'>14</span> 
     </span>
     <span class='ocr_line' id='line_1_18' title="bbox 545 2257 2649 2345; baseline -0.001 -23"><span class='ocrx_word' id='word_1_150' title='bbox 545 2261 802 2343; x_wconf 76' lang='grc' dir='ltr'>γράφων</span> <span class='ocrx_word' id='word_1_151' title='bbox 851 2260 918 2323; x_wconf 87' lang='grc' dir='ltr'>δὲ</span> <span class='ocrx_word' id='word_1_152' title='bbox 965 2262 1115 2343; x_wconf 77' lang='grc' dir='ltr'>πρὸς</span> <span class='ocrx_word' id='word_1_153' title='bbox 1163 2283 1252 2341; x_wconf 82' lang='grc' dir='ltr'>σε,</span> <span class='ocrx_word' id='word_1_154' title='bbox 1305 2261 1576 2344; x_wconf 72' lang='grc' dir='ltr'>φίλτατε,</span> <span class='ocrx_word' id='word_1_155' title='bbox 1626 2265 1731 2325; x_wconf 82' lang='grc' dir='ltr'>τὸν</span> <span class='ocrx_word' id='word_1_156' title='bbox 1780 2257 1911 2345; x_wconf 85' lang='grc' dir='ltr'>[τῆ-ς</span> <span class='ocrx_word' id='word_1_157' title='bbox 1932 2260 2207 2334; x_wconf 80' lang='grc' dir='ltr'>παιδείας</span> <span class='ocrx_word' id='word_1_158' title='bbox 2256 2259 2649 2342; x_wconf 78' lang='grc' dir='ltr'>ἐπιστήμονα.</span> 
     </span>
    </p>

    <p class='ocr_par' dir='ltr' id='par_1_3' title="bbox 547 2363 2893 2878">
     <span class='ocr_line' id='line_1_19' title="bbox 726 2363 2887 2446; baseline -0.001 -19"><span class='ocrx_word' id='word_1_159' title='bbox 726 2366 784 2427; x_wconf 79' lang='lat' dir='ltr'>A</span> <span class='ocrx_word' id='word_1_160' title='bbox 833 2364 1124 2427; x_wconf 85' lang='lat' dir='ltr'>dimetris</span> <span class='ocrx_word' id='word_1_161' title='bbox 1173 2368 1255 2428; x_wconf 82' lang='lat' dir='ltr'>ad</span> <span class='ocrx_word' id='word_1_162' title='bbox 1303 2364 1761 2446; x_wconf 82' lang='lat' dir='ltr'>pentapodiam</span> <span class='ocrx_word' id='word_1_163' title='bbox 1808 2385 1854 2428; x_wconf 92' lang='lat' dir='ltr'>s.</span> <span class='ocrx_word' id='word_1_164' title='bbox 1904 2385 2160 2431; x_wconf 86' lang='lat' dir='ltr'>versum</span> <span class='ocrx_word' id='word_1_165' title='bbox 2210 2363 2575 2444; x_wconf 88' lang='lat' dir='ltr'>quinarium</span> <span class='ocrx_word' id='word_1_166' title='bbox 2622 2381 2887 2442; x_wconf 77' lang='lat' dir='ltr'>progre-</span> 
     </span>
     <span class='ocr_line' id='line_1_20' title="bbox 548 2467 2891 2553; baseline -0.001 -19"><span class='ocrx_word' id='word_1_167' title='bbox 548 2469 774 2552; x_wconf 88' lang='lat' dir='ltr'>dimur,</span> <span class='ocrx_word' id='word_1_168' title='bbox 824 2469 1001 2536; x_wconf 90' lang='lat' dir='ltr'>cuius</span> <span class='ocrx_word' id='word_1_169' title='bbox 1051 2472 1434 2535; x_wconf 86' lang='lat' dir='ltr'>catalectica</span> <span class='ocrx_word' id='word_1_170' title='bbox 1481 2473 1688 2535; x_wconf 83' lang='lat' dir='ltr'>forma</span> <span class='ocrx_word' id='word_1_171' title='bbox 1738 2474 1795 2553; x_wconf 84' lang='grc'>6,</span> <span class='ocrx_word' id='word_1_172' title='bbox 1830 2472 1869 2534; x_wconf 78' lang='grc'>5</span> <span class='ocrx_word' id='word_1_173' title='bbox 1918 2471 2149 2535; x_wconf 86' lang='lat' dir='ltr'>iambis</span> <span class='ocrx_word' id='word_1_174' title='bbox 2196 2475 2262 2534; x_wconf 90' lang='lat' dir='ltr'>et</span> <span class='ocrx_word' id='word_1_175' title='bbox 2322 2468 2696 2549; x_wconf 85' lang='lat' dir='ltr'>anapaestis</span> <span class='ocrx_word' id='word_1_176' title='bbox 2755 2467 2891 2532; x_wconf 77' lang='lat' dir='ltr'>effi-</span> 
     </span>
     <span class='ocr_line' id='line_1_21' title="bbox 548 2576 2891 2664; baseline -0.001 -23"><span class='ocrx_word' id='word_1_177' title='bbox 548 2576 741 2641; x_wconf 86' lang='lat' dir='ltr'>citur:</span> <span class='ocrx_word' id='word_1_178' title='bbox 789 2580 846 2642; x_wconf 81' lang='grc' dir='ltr'>τί</span> <span class='ocrx_word' id='word_1_179' title='bbox 882 2577 1016 2644; x_wconf 81' lang='grc' dir='ltr'>ποτ’</span> <span class='ocrx_word' id='word_1_180' title='bbox 1057 2578 1162 2645; x_wconf 83' lang='grc' dir='ltr'>οὖν</span> <span class='ocrx_word' id='word_1_181' title='bbox 1199 2584 1268 2644; x_wconf 84' lang='grc' dir='ltr'>τὸ</span> <span class='ocrx_word' id='word_1_182' title='bbox 1309 2580 1705 2664; x_wconf 78' lang='grc' dir='ltr'>μειρακιῶδές</span> <span class='ocrx_word' id='word_1_183' title='bbox 1745 2582 1931 2654; x_wconf 84' lang='grc' dir='ltr'>ἐστιν;</span> <span class='ocrx_word' id='word_1_184' title='bbox 1980 2576 2425 2641; x_wconf 82' lang='lat' dir='ltr'>Acatalectica</span> <span class='ocrx_word' id='word_1_185' title='bbox 2464 2576 2671 2639; x_wconf 80' lang='lat' dir='ltr'>forma</span> <span class='ocrx_word' id='word_1_186' title='bbox 2724 2576 2821 2657; x_wconf 86' lang='lat'>14,</span> <span class='ocrx_word' id='word_1_187' title='bbox 2852 2576 2891 2638; x_wconf 88' lang='lat'>3</span> 
     </span>
     <span class='ocr_line' id='line_1_22' title="bbox 547 2680 2893 2766; baseline -0.001 -19"><span class='ocrx_word' id='word_1_188' title='bbox 547 2689 783 2764; x_wconf 86' lang='lat' dir='ltr'>exstat,</span> <span class='ocrx_word' id='word_1_189' title='bbox 841 2684 952 2748; x_wconf 92' lang='lat' dir='ltr'>ubi</span> <span class='ocrx_word' id='word_1_190' title='bbox 996 2684 1353 2748; x_wconf 86' lang='lat' dir='ltr'>iamborum</span> <span class='ocrx_word' id='word_1_191' title='bbox 1415 2704 1636 2748; x_wconf 90' lang='lat' dir='ltr'>cursus</span> <span class='ocrx_word' id='word_1_192' title='bbox 1705 2685 2002 2765; x_wconf 78' lang='lat' dir='ltr'>spondeis</span> <span class='ocrx_word' id='word_1_193' title='bbox 2071 2682 2589 2763; x_wconf 86' lang='lat' dir='ltr'>interrumpitur:</span> <span class='ocrx_word' id='word_1_194' title='bbox 2648 2680 2893 2766; x_wconf 75' lang='grc' dir='ltr'>οὐκ]ἑθ’</span> 
     </span>
     <span class='ocr_line' id='line_1_23' title="bbox 547 2790 2892 2878; baseline -0.001 -23"><span class='ocrx_word' id='word_1_195' title='bbox 547 2793 911 2877; x_wconf 75' lang='grc' dir='ltr'>εὑρήσουσιν</span> <span class='ocrx_word' id='word_1_196' title='bbox 958 2794 1023 2856; x_wconf 83' lang='grc' dir='ltr'>ἐν</span> <span class='ocrx_word' id='word_1_197' title='bbox 1071 2794 1288 2878; x_wconf 76' lang='grc' dir='ltr'>κόσμῳ</span> <span class='ocrx_word' id='word_1_198' title='bbox 1337 2795 1524 2857; x_wconf 77' lang='grc' dir='ltr'>τόπον</span> <span class='ocrx_word' id='word_1_199' title='bbox 1573 2800 1640 2855; x_wconf 85' lang='lat' dir='ltr'>et</span> <span class='ocrx_word' id='word_1_200' title='bbox 1697 2793 1759 2869; x_wconf 87' lang='lat'>3,</span> <span class='ocrx_word' id='word_1_201' title='bbox 1795 2793 1869 2855; x_wconf 84' lang='lat'>2:</span> <span class='ocrx_word' id='word_1_202' title='bbox 1929 2795 2071 2877; x_wconf 78' lang='grc' dir='ltr'>ἡμῖν</span> <span class='ocrx_word' id='word_1_203' title='bbox 2120 2790 2171 2856; x_wconf 78' lang='grc' dir='ltr'>δ’</span> <span class='ocrx_word' id='word_1_204' title='bbox 2218 2795 2417 2856; x_wconf 80' lang='grc' dir='ltr'>ἐκεῖνο</span> <span class='ocrx_word' id='word_1_205' title='bbox 2475 2790 2892 2875; x_wconf 82' lang='grc' dir='ltr'>διαπορητὲον.</span> 
     </span>
    </p>

    <p class='ocr_par' dir='ltr' id='par_1_4' title="bbox 543 2894 2896 4135">
     <span class='ocr_line' id='line_1_24' title="bbox 726 2894 2893 2977; baseline -0.002 -16"><span class='ocrx_word' id='word_1_206' title='bbox 726 2898 865 2961; x_wconf 86' lang='lat' dir='ltr'>Iam</span> <span class='ocrx_word' id='word_1_207' title='bbox 923 2898 1279 2977; x_wconf 78' lang='lat' dir='ltr'>complures</span> <span class='ocrx_word' id='word_1_208' title='bbox 1335 2897 1458 2961; x_wconf 90' lang='lat' dir='ltr'>loci</span> <span class='ocrx_word' id='word_1_209' title='bbox 1514 2898 1855 2963; x_wconf 72' lang='lat' dir='ltr'>adserendi</span> <span class='ocrx_word' id='word_1_210' title='bbox 1911 2902 2077 2963; x_wconf 86' lang='lat' dir='ltr'>sunt.</span> <span class='ocrx_word' id='word_1_211' title='bbox 2145 2896 2377 2977; x_wconf 85' lang='lat' dir='ltr'>quibus</span> <span class='ocrx_word' id='word_1_212' title='bbox 2432 2894 2555 2959; x_wconf 88' lang='lat' dir='ltr'>toti</span> <span class='ocrx_word' id='word_1_213' title='bbox 2610 2894 2893 2959; x_wconf 89' lang='lat' dir='ltr'>trimetri</span> 
     </span>
     <span class='ocr_line' id='line_1_25' title="bbox 549 3002 2891 3095; baseline -0.001 -29"><span class='ocrx_word' id='word_1_214' title='bbox 549 3002 812 3067; x_wconf 82' lang='lat' dir='ltr'>iambici</span> <span class='ocrx_word' id='word_1_215' title='bbox 877 3003 1308 3084; x_wconf 88' lang='lat' dir='ltr'>reperiuntur.</span> <span class='ocrx_word' id='word_1_216' title='bbox 1384 3023 1650 3085; x_wconf 85' lang='lat' dir='ltr'>quorum</span> <span class='ocrx_word' id='word_1_217' title='bbox 1716 3009 1940 3085; x_wconf 86' lang='lat' dir='ltr'>partes</span> <span class='ocrx_word' id='word_1_218' title='bbox 2004 3006 2173 3085; x_wconf 78' lang='lat' dir='ltr'>apud</span> <span class='ocrx_word' id='word_1_219' title='bbox 2241 3004 2564 3066; x_wconf 89' lang='lat' dir='ltr'>rhetorem</span> <span class='ocrx_word' id='word_1_220' title='bbox 2596 3087 2604 3095; x_wconf 27' lang='grc' dir='ltr'>ι</span> <span class='ocrx_word' id='word_1_221' title='bbox 2632 3007 2891 3065; x_wconf 87' lang='lat' dir='ltr'>exstare</span> 
     </span>
     <span class='ocr_line' id='line_1_26' title="bbox 547 3109 2893 3196; baseline 0 -23"><span class='ocrx_word' id='word_1_222' title='bbox 547 3112 730 3173; x_wconf 85' lang='lat' dir='ltr'>modo</span> <span class='ocrx_word' id='word_1_223' title='bbox 770 3109 1060 3174; x_wconf 76' lang='lat' dir='ltr'>vidimus</span> <span class='ocrx_word' id='word_1_224' title='bbox 1155 3116 1311 3174; x_wconf 73' lang='lat' dir='ltr'>(¹um</span> <span class='ocrx_word' id='word_1_225' title='bbox 1351 3116 1568 3175; x_wconf 90' lang='lat' dir='ltr'>autem</span> <span class='ocrx_word' id='word_1_226' title='bbox 1608 3114 1811 3176; x_wconf 88' lang='lat' dir='ltr'>verba</span> <span class='ocrx_word' id='word_1_227' title='bbox 1849 3113 2196 3196; x_wconf 79' lang='grc' dir='ltr'>Ποστούμιε</span> <span class='ocrx_word' id='word_1_228' title='bbox 2236 3112 2594 3195; x_wconf 85' lang='grc' dir='ltr'>Τερεντιανὲ</span> <span class='ocrx_word' id='word_1_229' title='bbox 2642 3110 2893 3194; x_wconf 68' lang='grc' dir='ltr'>φίλτατε</span> 
     </span>
     <span class='ocr_line' id='line_1_27' title="bbox 543 3214 2891 3300; baseline 0 -23"><span class='ocrx_word' id='word_1_230' title='bbox 543 3214 637 3298; x_wconf 87' lang='grc'>(1,</span> <span class='ocrx_word' id='word_1_231' title='bbox 671 3215 740 3300; x_wconf 81' lang='grc'>2)</span> <span class='ocrx_word' id='word_1_232' title='bbox 788 3215 915 3279; x_wconf 90' lang='lat' dir='ltr'>nisi</span> <span class='ocrx_word' id='word_1_233' title='bbox 950 3216 1185 3280; x_wconf 80' lang='lat' dir='ltr'>falsam</span> <span class='ocrx_word' id='word_1_234' title='bbox 1224 3218 1500 3298; x_wconf 87' lang='lat' dir='ltr'>speciem</span> <span class='ocrx_word' id='word_1_235' title='bbox 1539 3218 1823 3282; x_wconf 88' lang='lat' dir='ltr'>trimetri</span> <span class='ocrx_word' id='word_1_236' title='bbox 1860 3216 2121 3282; x_wconf 88' lang='lat' dir='ltr'>iambici</span> <span class='ocrx_word' id='word_1_237' title='bbox 2158 3235 2283 3280; x_wconf 92' lang='lat' dir='ltr'>non</span> <span class='ocrx_word' id='word_1_238' title='bbox 2322 3216 2701 3297; x_wconf 86' lang='lat' dir='ltr'>praebeant,</span> <span class='ocrx_word' id='word_1_239' title='bbox 2748 3234 2891 3296; x_wconf 88' lang='lat' dir='ltr'>per-</span> 
     </span>
     <span class='ocr_line' id='line_1_28' title="bbox 544 3321 2895 3405; baseline 0 -21"><span class='ocrx_word' id='word_1_240' title='bbox 544 3321 706 3385; x_wconf 81' lang='lat' dir='ltr'>fecti</span> <span class='ocrx_word' id='word_1_241' title='bbox 773 3322 1054 3386; x_wconf 84' lang='lat' dir='ltr'>trimetri</span> <span class='ocrx_word' id='word_1_242' title='bbox 1120 3323 1378 3389; x_wconf 89' lang='lat' dir='ltr'>iambici</span> <span class='ocrx_word' id='word_1_243' title='bbox 1445 3330 1755 3405; x_wconf 90' lang='lat' dir='ltr'>quattuor</span> <span class='ocrx_word' id='word_1_244' title='bbox 1814 3326 1897 3388; x_wconf 91' lang='lat' dir='ltr'>ab</span> <span class='ocrx_word' id='word_1_245' title='bbox 1960 3328 2223 3388; x_wconf 90' lang='lat' dir='ltr'>auctore</span> <span class='ocrx_word' id='word_1_246' title='bbox 2283 3322 2351 3386; x_wconf 92' lang='lat' dir='ltr'>in</span> <span class='ocrx_word' id='word_1_247' title='bbox 2408 3323 2529 3386; x_wconf 89' lang='lat' dir='ltr'>hac</span> <span class='ocrx_word' id='word_1_248' title='bbox 2584 3321 2895 3385; x_wconf 89' lang='lat' dir='ltr'>orationis</span> 
     </span>
     <span class='ocr_line' id='line_1_29' title="bbox 547 3427 2894 3517; baseline 0.001 -26"><span class='ocrx_word' id='word_1_249' title='bbox 547 3434 739 3507; x_wconf 85' lang='lat' dir='ltr'>parte</span> <span class='ocrx_word' id='word_1_250' title='bbox 785 3427 980 3509; x_wconf 84' lang='lat' dir='ltr'>positi</span> <span class='ocrx_word' id='word_1_251' title='bbox 1017 3435 1192 3494; x_wconf 83' lang='lat' dir='ltr'>sunt:</span> <span class='ocrx_word' id='word_1_252' title='bbox 1244 3434 1301 3513; x_wconf 80' lang='lat'>7,</span> <span class='ocrx_word' id='word_1_253' title='bbox 1335 3434 1376 3493; x_wconf 81' lang='lat'>9</span> <span class='ocrx_word' id='word_1_254' title='bbox 1423 3434 1781 3508; x_wconf 79' lang='grc' dir='ltr'>Μακεδόνος</span> <span class='ocrx_word' id='word_1_255' title='bbox 1818 3434 1858 3517; x_wconf 77' lang='grc' dir='ltr'>ἡ</span> <span class='ocrx_word' id='word_1_256' title='bbox 1898 3437 2048 3516; x_wconf 82' lang='grc' dir='ltr'>πρὸς</span> <span class='ocrx_word' id='word_1_257' title='bbox 2084 3436 2189 3496; x_wconf 85' lang='grc' dir='ltr'>τὸν</span> <span class='ocrx_word' id='word_1_258' title='bbox 2228 3435 2525 3515; x_wconf 74' lang='grc' dir='ltr'>σοφιστὴν</span> <span class='ocrx_word' id='word_1_259' title='bbox 2563 3432 2894 3515; x_wconf 77' lang='grc' dir='ltr'>σύγκρισις,</span> 
     </span>
     <span class='ocr_line' id='line_1_30' title="bbox 548 3536 2893 3624; baseline 0.001 -26"><span class='ocrx_word' id='word_1_260' title='bbox 548 3553 740 3613; x_wconf 88' lang='lat' dir='ltr'>quem</span> <span class='ocrx_word' id='word_1_261' title='bbox 791 3554 1047 3601; x_wconf 84' lang='lat' dir='ltr'>versum</span> <span class='ocrx_word' id='word_1_262' title='bbox 1095 3556 1209 3617; x_wconf 87' lang='lat' dir='ltr'>pes</span> <span class='ocrx_word' id='word_1_263' title='bbox 1257 3536 1569 3602; x_wconf 86' lang='lat' dir='ltr'>iambicus</span> <span class='ocrx_word' id='word_1_264' title='bbox 1627 3537 1726 3624; x_wconf 86' lang='grc' dir='ltr'>(γε</span> <span class='ocrx_word' id='word_1_265' title='bbox 1772 3538 1910 3623; x_wconf 80' lang='grc' dir='ltr'>τοῦ)</span> <span class='ocrx_word' id='word_1_266' title='bbox 1959 3536 2312 3613; x_wconf 80' lang='lat' dir='ltr'>antecedit;</span> <span class='ocrx_word' id='word_1_267' title='bbox 2365 3536 2464 3617; x_wconf 79' lang='lat'>12,</span> <span class='ocrx_word' id='word_1_268' title='bbox 2499 3536 2539 3598; x_wconf 90' lang='grc'>4</span> <span class='ocrx_word' id='word_1_269' title='bbox 2588 3538 2670 3614; x_wconf 83' lang='grc' dir='ltr'>ὡς</span> <span class='ocrx_word' id='word_1_270' title='bbox 2718 3540 2893 3601; x_wconf 83' lang='grc' dir='ltr'>οὐδὲν</span> 
     </span>
     <span class='ocr_line' id='line_1_31' title="bbox 548 3641 2895 3730; baseline 0 -25"><span class='ocrx_word' id='word_1_271' title='bbox 548 3646 745 3719; x_wconf 79' lang='grc' dir='ltr'>οὕτως</span> <span class='ocrx_word' id='word_1_272' title='bbox 795 3644 876 3719; x_wconf 81' lang='grc' dir='ltr'>ὡς</span> <span class='ocrx_word' id='word_1_273' title='bbox 922 3648 992 3708; x_wconf 85' lang='grc' dir='ltr'>τὸ</span> <span class='ocrx_word' id='word_1_274' title='bbox 1039 3641 1315 3729; x_wconf 83' lang='grc' dir='ltr'>γενναῖον</span> <span class='ocrx_word' id='word_1_275' title='bbox 1364 3648 1596 3725; x_wconf 49' lang='grc' dir='ltr'>πάθος</span> <span class='ocrx_word' id='word_1_276' title='bbox 1660 3645 1763 3722; x_wconf 80' lang='grc'>12,</span> <span class='ocrx_word' id='word_1_277' title='bbox 1798 3644 1838 3707; x_wconf 87' lang='lat'>9</span> <span class='ocrx_word' id='word_1_278' title='bbox 1888 3650 2052 3730; x_wconf 83' lang='grc' dir='ltr'>ὅμως</span> <span class='ocrx_word' id='word_1_279' title='bbox 2098 3642 2254 3710; x_wconf 72' lang='grc' dir='ltr'>καθ’</span> <span class='ocrx_word' id='word_1_280' title='bbox 2303 3648 2447 3709; x_wconf 81' lang='grc' dir='ltr'>ὅσον</span> <span class='ocrx_word' id='word_1_281' title='bbox 2495 3642 2620 3707; x_wconf 78' lang='grc' dir='ltr'>οἷον</span> <span class='ocrx_word' id='word_1_282' title='bbox 2665 3667 2732 3707; x_wconf 91' lang='grc' dir='ltr'>τε</span> <span class='ocrx_word' id='word_1_283' title='bbox 2786 3647 2895 3718; x_wconf 81' lang='grc' dir='ltr'>τὰς</span> 
     </span>
     <span class='ocr_line' id='line_1_32' title="bbox 552 3747 2896 3837; baseline 0 -25"><span class='ocrx_word' id='word_1_284' title='bbox 552 3754 756 3835; x_wconf 79' lang='grc' dir='ltr'>φυχὰς</span> <span class='ocrx_word' id='word_1_285' title='bbox 803 3747 1215 3836; x_wconf 74' lang='grc' dir='ltr'>ἀνα[τρὲερειν;</span> <span class='ocrx_word' id='word_1_286' title='bbox 1269 3752 1370 3829; x_wconf 85' lang='grc'>18,</span> <span class='ocrx_word' id='word_1_287' title='bbox 1409 3753 1488 3815; x_wconf 85' lang='grc'>17</span> <span class='ocrx_word' id='word_1_288' title='bbox 1539 3753 1838 3837; x_wconf 83' lang='grc' dir='ltr'>κωμῳδία</span> <span class='ocrx_word' id='word_1_289' title='bbox 1884 3754 1971 3828; x_wconf 81' lang='grc' dir='ltr'>τίς</span> <span class='ocrx_word' id='word_1_290' title='bbox 2018 3754 2183 3817; x_wconf 68' lang='grc' dir='ltr'>ἐστιν</span> <span class='ocrx_word' id='word_1_291' title='bbox 2231 3751 2726 3836; x_wconf 75' lang='grc' dir='ltr'>ἠθολογουμὲνη,</span> <span class='ocrx_word' id='word_1_292' title='bbox 2787 3748 2896 3829; x_wconf 85' lang='lat' dir='ltr'>qui</span> 
     </span>
     <span class='ocr_line' id='line_1_33' title="bbox 549 3855 2895 3939; baseline 0 -20"><span class='ocrx_word' id='word_1_293' title='bbox 549 3874 776 3919; x_wconf 85' lang='lat' dir='ltr'>versus</span> <span class='ocrx_word' id='word_1_294' title='bbox 823 3857 904 3919; x_wconf 90' lang='lat' dir='ltr'>ob</span> <span class='ocrx_word' id='word_1_295' title='bbox 950 3855 1016 3919; x_wconf 86' lang='lat' dir='ltr'>id</span> <span class='ocrx_word' id='word_1_296' title='bbox 1063 3876 1313 3937; x_wconf 89' lang='lat' dir='ltr'>quoque</span> <span class='ocrx_word' id='word_1_297' title='bbox 1370 3857 1602 3939; x_wconf 81' lang='lat' dir='ltr'>(lignus</span> <span class='ocrx_word' id='word_1_298' title='bbox 1659 3863 1758 3921; x_wconf 88' lang='lat' dir='ltr'>est</span> <span class='ocrx_word' id='word_1_299' title='bbox 1814 3856 1924 3937; x_wconf 87' lang='lat' dir='ltr'>qui</span> <span class='ocrx_word' id='word_1_300' title='bbox 1980 3862 2523 3937; x_wconf 84' lang='lat' dir='ltr'>commemoretur,</span> <span class='ocrx_word' id='word_1_301' title='bbox 2582 3858 2745 3936; x_wconf 86' lang='lat' dir='ltr'>quod</span> <span class='ocrx_word' id='word_1_302' title='bbox 2803 3855 2895 3919; x_wconf 90' lang='lat' dir='ltr'>ibi</span> 
     </span>
     <span class='ocr_line' id='line_1_34' title="bbox 551 3961 2893 4044; baseline 0 -20"><span class='ocrx_word' id='word_1_303' title='bbox 551 3966 772 4025; x_wconf 84' lang='lat' dir='ltr'>exstat</span> <span class='ocrx_word' id='word_1_304' title='bbox 827 3961 939 4026; x_wconf 92' lang='lat' dir='ltr'>ubi</span> <span class='ocrx_word' id='word_1_305' title='bbox 995 3970 1222 4027; x_wconf 87' lang='lat' dir='ltr'>auctor</span> <span class='ocrx_word' id='word_1_306' title='bbox 1278 3966 1357 4028; x_wconf 87' lang='lat' dir='ltr'>de</span> <span class='ocrx_word' id='word_1_307' title='bbox 1424 3964 1749 4028; x_wconf 87' lang='lat' dir='ltr'>comoedia</span> <span class='ocrx_word' id='word_1_308' title='bbox 1814 3963 1988 4038; x_wconf 82' lang='lat' dir='ltr'>dicit,</span> <span class='ocrx_word' id='word_1_309' title='bbox 2046 3983 2212 4043; x_wconf 90' lang='lat' dir='ltr'>quae</span> <span class='ocrx_word' id='word_1_310' title='bbox 2267 3982 2502 4043; x_wconf 85' lang='lat' dir='ltr'>magna</span> <span class='ocrx_word' id='word_1_311' title='bbox 2568 3982 2648 4026; x_wconf 85' lang='lat' dir='ltr'>ex</span> <span class='ocrx_word' id='word_1_312' title='bbox 2703 3967 2893 4044; x_wconf 89' lang='lat' dir='ltr'>parte</span> 
     </span>
     <span class='ocr_line' id='line_1_35' title="bbox 548 4067 1346 4135; baseline 0.006 -5"><span class='ocrx_word' id='word_1_313' title='bbox 548 4086 632 4130; x_wconf 86' lang='lat' dir='ltr'>ex</span> <span class='ocrx_word' id='word_1_314' title='bbox 678 4067 992 4132; x_wconf 88' lang='lat' dir='ltr'>trimetris</span> <span class='ocrx_word' id='word_1_315' title='bbox 1039 4069 1346 4135; x_wconf 87' lang='lat' dir='ltr'>consistit.</span> 
     </span>
    </p>

    <p class='ocr_par' dir='ltr' id='par_1_5' title="bbox 547 4175 2896 4472">
     <span class='ocr_line' id='line_1_36' title="bbox 727 4175 2895 4261; baseline 0 -23"><span class='ocrx_word' id='word_1_316' title='bbox 727 4175 934 4239; x_wconf 81' lang='lat' dir='ltr'>Semel</span> <span class='ocrx_word' id='word_1_317' title='bbox 1015 4175 1146 4259; x_wconf 89' lang='grc'>(16,</span> <span class='ocrx_word' id='word_1_318' title='bbox 1196 4176 1265 4261; x_wconf 84' lang='grc'>6)</span> <span class='ocrx_word' id='word_1_319' title='bbox 1343 4177 1735 4258; x_wconf 83' lang='lat' dir='ltr'>heptapodia</span> <span class='ocrx_word' id='word_1_320' title='bbox 1811 4177 1913 4243; x_wconf 90' lang='lat' dir='ltr'>vel</span> <span class='ocrx_word' id='word_1_321' title='bbox 1992 4176 2398 4258; x_wconf 89' lang='lat' dir='ltr'>septenarius</span> <span class='ocrx_word' id='word_1_322' title='bbox 2479 4175 2895 4239; x_wconf 84' lang='lat' dir='ltr'>catalecticus</span> 
     </span>
     <span class='ocr_line' id='line_1_37' title="bbox 547 4283 2896 4371; baseline 0.001 -28"><span class='ocrx_word' id='word_1_323' title='bbox 547 4284 934 4346; x_wconf 82' lang='lat' dir='ltr'>statuendus</span> <span class='ocrx_word' id='word_1_324' title='bbox 1003 4290 1126 4347; x_wconf 85' lang='lat' dir='ltr'>est:</span> <span class='ocrx_word' id='word_1_325' title='bbox 1197 4283 1506 4371; x_wconf 70' lang='grc' dir='ltr'>εΌμηρος]</span> <span class='ocrx_word' id='word_1_326' title='bbox 1577 4288 1687 4369; x_wconf 87' lang='grc' dir='ltr'>μὲν</span> <span class='ocrx_word' id='word_1_327' title='bbox 1757 4285 2043 4368; x_wconf 75' lang='grc' dir='ltr'>ὲνθάδ(ε)</span> <span class='ocrx_word' id='word_1_328' title='bbox 2115 4289 2315 4370; x_wconf 81' lang='grc' dir='ltr'>οὔριος</span> <span class='ocrx_word' id='word_1_329' title='bbox 2383 4294 2711 4369; x_wconf 85' lang='grc' dir='ltr'>συνεμπνεῖ</span> <span class='ocrx_word' id='word_1_330' title='bbox 2772 4294 2896 4360; x_wconf 82' lang='grc' dir='ltr'>τοῖς</span> 
     </span>
     <span class='ocr_line' id='line_1_38' title="bbox 549 4388 2895 4472; baseline 0 -21"><span class='ocrx_word' id='word_1_331' title='bbox 549 4391 801 4472; x_wconf 81' lang='grc' dir='ltr'>ἀγῶσιν.</span> <span class='ocrx_word' id='word_1_332' title='bbox 897 4388 1261 4453; x_wconf 86' lang='lat' dir='ltr'>Octonariis</span> <span class='ocrx_word' id='word_1_333' title='bbox 1322 4396 1538 4454; x_wconf 88' lang='lat' dir='ltr'>autem</span> <span class='ocrx_word' id='word_1_334' title='bbox 1587 4390 1882 4468; x_wconf 78' lang='lat' dir='ltr'>Versibus</span> <span class='ocrx_word' id='word_1_335' title='bbox 1945 4389 2237 4455; x_wconf 87' lang='lat' dir='ltr'>iambicis</span> <span class='ocrx_word' id='word_1_336' title='bbox 2288 4394 2514 4453; x_wconf 85' lang='lat' dir='ltr'>auctor</span> <span class='ocrx_word' id='word_1_337' title='bbox 2572 4388 2782 4452; x_wconf 88' lang='lat' dir='ltr'>tribus</span> <span class='ocrx_word' id='word_1_338' title='bbox 2828 4388 2895 4451; x_wconf 91' lang='lat' dir='ltr'>in</span> 
     </span>
    </p>
   </div>
  </div>
 </body>
</html>
