3417 5059
1545 300 1986 363 -24-.

592 497 720 562 fine
758 503 898 562 tres
926 497 1106 561 locos
1140 494 1499 560 adferimus
1541 495 1654 575 qni
1698 515 1827 561 non
1873 497 2037 561 bene
2070 495 2252 562 iniis
2297 517 2460 577 quos
2507 499 2937 567 tractavimus

593 603 925 670 numerari
981 602 1295 685 possunt:
1369 603 1429 683 9,
1497 604 1580 667 15
1638 602 2129 669 substantivum
2182 603 2359 669 inter
2419 605 2813 671 attributum
2872 616 2938 674 et

592 711 886 778 dativum
944 712 1028 776 ab
1084 730 1159 775 eo
1218 711 1513 790 pendens
1569 708 1922 774 intercedit
1987 716 2095 789 τὰς
2155 714 2661 800 ἀνακεκραμένας
2716 717 2939 795 κακίας

588 832 712 898 τοῖς
760 821 1036 905 ὑψηλοῖς.
1122 814 1434 882 Similiter
1481 816 1586 897 65,
1623 816 1706 880 22
1755 816 2001 900 legitur
2047 822 2367 904 μιμεῖσθ-αι
2414 826 2524 906 τὴν
2572 825 2940 909 δημιουργή-

589 952 788 994 σασαν
836 929 1016 1012 φύσιν
1062 930 1167 991 τὸν
1205 927 1560 1010 ἄνθρωπον.
1639 924 1746 1002 65,
1797 925 1872 989 21
1919 926 2192 991 Verbum
2229 945 2375 991 cum
2414 926 2559 993 aliis
2597 928 2937 996 vocabulis

589 1053 757 1114 quae
805 1034 888 1097 ab
935 1051 1010 1097 eo
1059 1033 1350 1113 pendent
1395 1031 1571 1096 inter
1621 1031 1999 1114 genetivum
2047 1032 2156 1112 qui
2207 1036 2289 1098 ab
2330 1034 2655 1101 adiectivo
2693 1037 2936 1116 pendet

588 1147 655 1205 et
702 1140 858 1205 illud
907 1140 1122 1220 ipsum
1160 1138 1556 1205 adiectivum
1594 1138 1882 1219 positum
1919 1146 2054 1204 est:
2118 1153 2241 1208 τῶν
2288 1145 2667 1229 πραγμάτων
2714 1145 2933 1230 πρέποι

588 1252 664 1315 ἂν
708 1252 814 1314 καὶ
860 1253 968 1326 τὰς
1015 1252 1223 1334 φωνὰς
1269 1252 1434 1334 ἔχειν
1479 1248 1668 1326 ἀξίας.

764 1353 1058 1419 Alterius
1082 1353 1478 1420 inversionis
1504 1353 1785 1435 generiS,
1821 1372 1988 1433 quae
2014 1354 2226 1436 figura
2250 1355 2577 1420 chiasmi
2600 1357 2705 1423 vel
2732 1376 2932 1422 com-

586 1460 1052 1527 mutationis
1077 1466 1199 1541 est,
1227 1479 1454 1527 verum
1479 1460 1843 1540 exemplum
1869 1480 2067 1526 unum
2093 1462 2268 1542 apud
2294 1468 2628 1527 auctorem
2654 1464 2931 1545 repperi.

590 1571 647 1650 1,
701 1571 736 1632 7
787 1568 974 1647 enim,
1033 1566 1147 1632 ubi
1193 1566 1556 1633 necessitas
1605 1566 1987 1648 disputandi
2049 1569 2128 1633 de
2176 1587 2251 1633 eo
2299 1571 2487 1634 modo
2537 1589 2663 1649 quo
2713 1570 2932 1651 aliqua

588 1695 698 1740 ars
743 1675 812 1740 in
860 1674 1339 1756 possessionem
1387 1680 1682 1739 nostram
1729 1675 1956 1742 venire
2005 1674 2216 1756 possit
2264 1676 2635 1757 exponitur,
2702 1682 2933 1742 auctor

587 1783 802 1847 dicere
841 1781 1057 1863 potuit
1097 1785 1194 1847 ἐπὶ
1233 1783 1434 1868 πάσης
1471 1783 1869 1869 τεχνολογίας
1909 1786 2069 1849 δυεῖν
2108 1785 2592 1871 ἀπαιτουμένων,
2632 1786 2931 1871 προτέρου

587 1895 696 1977 μὲν
750 1902 858 1956 τοῦ
915 1891 1102 1968 δεῖξαι
1158 1889 1214 1953 τί
1267 1893 1337 1954 τὸ
1394 1890 1815 1975 ὑποκείμενον,
1876 1891 2162 1976 δευτέρου
2221 1894 2288 1956 δὲ
2334 1904 2409 1977 τῇ
2465 1893 2649 1974 τάξει,
2708 1916 2929 1978 κυριω-

584 2000 762 2083 τέρου
795 2001 864 2062 δὲ
893 2009 968 2083 τῇ
1001 1998 1271 2082 δυνάμει,
1305 2008 1437 2074 πῶς
1469 2002 1544 2062 ἄν
1569 2015 1700 2075 eqs,
1740 1996 1868 2061 Sed
1900 2002 1976 2061 ut
2009 1996 2219 2062 oratio
2243 1997 2575 2078 pulchrior
2595 1998 2927 2081 evaderet,

583 2106 790 2170 Verba
837 2102 1195 2168 declinavit
1241 2107 1309 2167 et
1359 2104 1646 2189 δευτέρου
1701 2108 1812 2190 μὲν
1849 2117 1923 2190 τῇ
1961 2106 2147 2187 τάξει,
2197 2118 2273 2191 τῇ
2314 2108 2563 2192 δυνάμει
2603 2109 2671 2171 δὲ
2709 2130 2931 2192 κυριω-

585 2213 762 2298 τέρου
811 2210 1106 2276 scribens
1147 2209 1418 2274 chiasmi
1456 2210 1735 2292 figuram
1773 2209 2007 2277 effecit.
2086 2211 2366 2277 Videtur
2404 2212 2661 2291 quidem
2700 2218 2932 2278 auctor

585 2319 783 2383 etiam
833 2318 934 2397 15,
985 2318 1024 2381 3
1072 2324 1213 2396 τοὺς
1270 2322 1378 2404 μὲν
1434 2320 1532 2383 ἐπὶ
1589 2330 1711 2385 τῶν
1758 2318 2048 2386 Ἰλιακῶν
2093 2312 2587 2405 ἀνθ-ρώπους’--
2622 2359 2710 2365 -
2745 2324 2931 2399 θεοὺς

583 2428 1004 2513 πεποιηκέναι,
1070 2432 1210 2503 τοὺς
1267 2428 1456 2504 θεοὺς
1523 2429 1589 2491 δὲ
1645 2426 2018 2511 ἀνθ-ρώπους
2076 2431 2142 2491 et
2200 2426 2305 2507 36,
2371 2428 2454 2489 22
2514 2434 2707 2506 οὕτως
2762 2432 2929 2513 αὐτῷ

583 2538 689 2599 καὶ
743 2537 784 2620 ἡ
844 2534 1008 2612 τάξις
1069 2538 1336 2598 ἄτακτον
1397 2536 1501 2598 καί
1563 2535 1826 2619 ἔμπαλιν
1881 2536 1921 2620 ἡ
1978 2535 2196 2613 ἀταξία
2254 2538 2435 2600 ποιὰν
2496 2536 2930 2620 περιλαμβάνει

581 2642 749 2720 τάξιν
796 2638 1067 2704 chiasmi
1112 2638 1389 2721 figuram
1436 2637 1763 2717 effecisse3
1814 2657 2025 2718 neque
2070 2659 2227 2707 vero
2274 2639 2365 2704 ibi
2413 2640 2607 2704 aliter
2647 2640 2931 2705 scribere

585 2747 820 2828 potuit,
886 2753 952 2811 et
1010 2765 1155 2811 cum
1211 2748 1416 2812 verba
1481 2745 1815 2811 declinata
1869 2765 2001 2810 non
2062 2745 2215 2822 sint,
2279 2746 2607 2812 chiasmus
2672 2752 2930 2812 tantum

511 2906 516 2911 .
583 2862 898 2919 externae
930 2852 1182 2919 formae
1215 2859 1336 2917 est.
1417 2853 1721 2918 Ceterum
1759 2852 1887 2917 illis
1924 2852 2085 2917 locis
2120 2853 2601 2918 traductionem
2634 2860 2930 2919 statuere

584 2981 948 3043 possumuS,
1022 2981 1216 3041 quam
1281 2965 1514 3026 auctor
1579 2962 1662 3025 ad
1733 2960 2142 3025 Herennium
2207 2960 2346 3047 (IV,
2420 2963 2520 3042 14,
2595 2962 2704 3046 20)
2770 2961 2931 3026 dicit

585 3070 806 3135 facere
855 3075 947 3145 ut,
1007 3087 1152 3134 cum
1207 3067 1376 3133 idem
1423 3069 1695 3133 verbum
1743 3066 2037 3132 crebrius
2084 3074 2388 3147 ponatur,
2448 3065 2933 3132 concinniorem

585 3176 948 3241 orationem
994 3177 1247 3240 reddat.
1329 3174 1434 3239 Ad
1479 3175 1659 3239 locos
1706 3175 1897 3239 modo
1946 3178 2273 3239 tractatos
2333 3174 2532 3239 etiam
2580 3174 2932 3240 adnectere

584 3302 928 3364 possumus
989 3284 1048 3364 9,
1093 3283 1204 3348 23:
1286 3286 1462 3349 οὐδὲν
1522 3284 1784 3369 ὑπάρχει
1834 3283 2011 3368 μέγα,
2074 3283 2143 3347 οὗ
2205 3288 2275 3348 τὸ
2336 3294 2744 3368 καταφρονεῖν
2804 3285 2930 3348 ἐστι

584 3394 743 3479 μέγα
790 3398 857 3455 et
905 3391 1008 3472 33,
1045 3391 1157 3456 23:
1209 3392 1386 3477 φύσει
1428 3414 1559 3468 πως
1605 3401 1923 3477 συμμαχεῖ
1962 3414 2030 3455 τε
2076 3402 2163 3475 τῷ
2211 3392 2350 3475 ὕψει
2396 3395 2475 3455 τὰ
2506 3391 2795 3476 σχήματα
2824 3393 2929 3454 καί

581 3502 766 3565 πάλιν
812 3503 1352 3584 ἀντισυμμαχεῖται
1401 3499 1783 3583 θαυμαστῶς
1829 3496 1931 3562 ὑπ’
1979 3501 2187 3562 αὐτοῦ.

758 3607 923 3670 Post
968 3605 1338 3686 hyperbata
1385 3609 1619 3668 auctor
1665 3605 1743 3669 de
1793 3602 2380 3684 permutatione
2428 3621 2713 3683 casuum,
2764 3608 2926 3667 tem-

583 3732 829 3794 porum,
857 3730 1304 3793 personarum,
1333 3730 1767 3791 numerorum,
1791 3729 2101 3793 generum
2123 3710 2283 3792 agit,
2308 3710 2543 3791 quibus
2566 3708 2927 3774 orationem
2991 3722 2998 3727 ·

582 3821 773 3885 valde
793 3818 1041 3886 variari
1064 3822 1132 3883 et
1150 3816 1404 3885 intendi
1425 3818 1600 3884 dicit.
1648 3820 1885 3897 Itaque
1910 3820 2015 3900 39,
2039 3819 2080 3882 4
2105 3818 2457 3899 plurales
2483 3816 2927 3904 (πληθυντικὰ)

582 3928 1009 4008 commendat,
1078 3926 1317 4007 quippe
1383 3926 1493 4007 qui
1556 3945 2041 4005 nonnumquam
2102 3924 2630 4007 magnificentius
2690 3931 2929 3990 sonent

581 4039 648 4098 et
693 4033 841 4115 ipsa
887 4035 1159 4100 numeri‘
1193 4033 1530 4118 gravitate
1575 4052 1883 4116 magnam
1929 4031 2058 4098 vim
2105 4033 2416 4098 habeant.
2509 4033 2662 4113 Ipse
2710 4035 2927 4095 autem

579 4141 739 4206 illud
795 4148 1218 4222 praeceptum
1274 4141 1587 4222 sequitur,
1647 4160 1793 4205 cum
1848 4141 1909 4222 9,
1970 4142 2011 4204 9
2067 4138 2308 4220 plurali
2369 4138 2723 4223 singularis
2783 4137 2925 4202 loco

581 4247 823 4314 utitur:
887 4252 1039 4315 ὅθεν
1087 4251 1380 4336 ἐπίφορον
1427 4252 1512 4326 εἰς
1559 4250 2003 4334 συνταγμάτων
2050 4250 2447 4333 κατόρθωσιν
2494 4248 2571 4311 τά
2616 4269 2682 4312 τε
2719 4247 2923 4332 κάλλη

578 4368 686 4442 τῆς
743 4358 1060 4443 ἑρμηνείας
1114 4360 1220 4422 καί
1274 4360 1352 4422 τὰ
1397 4359 1524 4443 ὕψη
1581 4360 1685 4421 καὶ
1741 4360 1893 4443 πρὸς
1938 4357 2171 4445 τούτοις
2218 4357 2281 4420 αἱ
2325 4355 2559 4441 ἡδοναί,
2617 4357 2721 4419 καὶ
2768 4357 2926 4418 αὐτὰ
