3417 5059
1477 342 1917 404 Ἦ19,-,

527 560 629 623 ρος
691 540 764 603 ἂν
824 544 1033 623 κριτὴς
1092 538 1328 623 γένοιτο
1391 535 1659 623 (ἀνάγκη
1708 542 1827 624 γὰρ
1874 550 1960 625 τῷ
2010 541 2343 626 δωρσδὸκῳ
2390 545 2469 606 τὰ
2516 544 2713 607 οἰκεῖα
2762 545 2869 627 μὲν

528 645 860 730 φαίνεσθαι
921 647 1091 709 καλὰ
1145 648 1250 709 καὶ
1299 642 1552 728 δίκαια),
1618 649 1773 710 ὅπου
1820 648 1889 711 δὲ
1934 663 2067 725 eqS.
2135 648 2254 732 ἆρα
2300 650 2375 733 δὴ
2425 666 2555 726 eqS.
2628 647 2733 727 36,
2787 649 2864 710 11

473 799 479 805 ,
527 750 942 831 parenthesis
972 750 1148 815 inter
1177 750 1632 815 secundariam
1665 750 2061 817 sententiam
2110 752 2459 833 primariae
2505 752 2869 819 inservien-

529 862 656 921 tem
691 861 757 921 et
788 856 996 937 ipsam
1030 855 1430 937 primariam,
1480 876 1648 937 quae
1695 858 1827 924 εἶτα
1865 858 2193 941 particula
2226 860 2433 941 primo
2474 859 2679 925 totius
2718 878 2869 927 sen-

528 962 779 1028 tentiae
840 962 981 1028 loco
1031 964 1250 1043 posita
1297 969 1759 1045 praeparatur,
1825 965 2221 1046 interposita
2270 971 2398 1032 est:
2472 967 2594 1034 εἷθ’
2639 972 2739 1033 ἵνα
2787 974 2868 1055 μὴ

527 1074 624 1135 ἐπὶ
684 1082 807 1137 τῶν
869 1076 1070 1136 αὐτῶν
1127 1074 1160 1136 ὁ
1216 1073 1400 1157 λόγος
1457 1075 1564 1138 ἰὼν
1611 1084 1727 1159 στῇ
1776 1071 1866 1157 (ἐν
1918 1076 2129 1139 στάσει
2174 1079 2293 1161 γὰρ
2340 1080 2410 1140 τὸ
2457 1079 2741 1161 ἠρεμοῦν,
2805 1078 2870 1141 ἐν

527 1178 746 1263 ἀταξίᾳ
803 1181 870 1243 δὲ
915 1184 985 1243 τὸ
1045 1180 1272 1260 πάθος,
1335 1181 1467 1244 ἐπεὶ
1525 1184 1687 1265 φορὰ
1742 1183 1847 1244 καὶ
1907 1181 2222 1266 σύγκρισίς
2279 1180 2465 1265 ἐστιν)
2524 1185 2716 1259 εὐθὺς
2772 1180 2868 1247 ἐπ’

526 1285 690 1349 ἄλλα
729 1302 858 1363 eqS.
965 1284 1069 1365 38,
1123 1285 1160 1346 7
1223 1284 1638 1365 parenthesis
1688 1284 1986 1365 sequitur
2034 1299 2224 1373 φῆσαι
2271 1286 2684 1368 infinitivum,
2736 1288 2865 1369 qui,

525 1409 606 1453 ex
667 1397 784 1477 πρὸ
841 1389 1332 1472 praepositione
1388 1393 1682 1472 pendens
1740 1402 1807 1456 et
1862 1412 2008 1457 cum
2069 1392 2201 1458 alia
2267 1393 2723 1458 enuntiatione
2780 1400 2869 1460 ὅτι

525 1496 856 1577 particula
903 1497 1188 1579 iunctus,
1249 1498 1680 1563 secundariae
1742 1499 2116 1565 sententiae
2176 1500 2556 1581 temporalis
2602 1520 2869 1566 munere

524 1603 843 1687 fungitur,
904 1624 1049 1670 cum
1104 1604 1316 1686 ipsam
1362 1605 1809 1686 parenthesim
1855 1606 2222 1671 enuntiatio
2272 1606 2585 1688 primaria
2632 1626 2868 1688 sequa-

523 1715 665 1775 tur:
739 1718 857 1799 πρὸ
911 1699 1030 1799 γὰρ
1088 1724 1194 1778 τοῦ
1252 1724 1443 1799 φῆσαι
1501 1718 1590 1778 ὅτι
1638 1718 1865 1791 αὐτοὺς
1908 1717 2003 1779 δεῖ
2042 1725 2248 1781 πονεῖν
2296 1714 2501 1799 (τοῦτο
2548 1717 2666 1801 γάρ
2706 1718 2869 1782 ἐστιν

525 1821 557 1882 ὃ
604 1819 1119 1904 παρακελεύεται)
1179 1822 1536 1906 ἔμπροσθεν
1591 1822 1928 1886 ἀποδίδωσι
1977 1839 2108 1900 eqS.
2200 1815 2614 1886 Oo'ntrariam
2660 1821 2865 1886 ratio-

522 1943 668 1989 nem
734 1926 835 2006 17,
890 1927 923 1991 1
989 1929 1056 1989 et
1105 1927 1208 2007 21,
1260 1926 1299 1989 6
1349 1926 1820 2009 cognoscimus
1933 1928 2099 1991 Nam
2161 1926 2474 2009 primaria
2534 1929 2869 1994 sententia

523 2032 874 2113 antecedit,
927 2031 1337 2116 secundaria,
1385 2033 1492 2097 cui
1536 2032 1628 2097 ibi
1675 2038 1785 2116 ὅτι,
1835 2033 1939 2098 hic
1983 2038 2082 2101 ἵνα
2130 2034 2458 2115 particula
2506 2036 2869 2115 praemissa

525 2142 646 2215 est,
698 2139 1012 2219 sequitur.
1104 2141 1292 2204 Inter
1348 2159 1462 2204 eas
1511 2145 1730 2204 autem
1780 2140 2146 2206 sententias
2194 2141 2611 2221 parenthesis
2659 2142 2865 2207 inter-

523 2245 742 2325 posita
789 2252 922 2312 est:
1001 2248 1101 2328 17,
1156 2250 1189 2310 1
1242 2248 1508 2313 δείκνυσι
1556 2246 1609 2312 δ’
1658 2252 1823 2333 ὅμως
1870 2251 1970 2313 διὰ
2014 2260 2122 2334 τῆς
2168 2247 2523 2328 Ὀδυσσείας
2572 2249 2701 2334 (καὶ
2749 2256 2866 2337 γὰρ

522 2365 716 2418 ταῦτα
761 2356 1013 2420 πολλῶν
1046 2358 1230 2421 ἕνεκα
1261 2353 1906 2439 προσεπιθεωρητὲον)
1958 2359 2047 2419 ὅτι
2086 2372 2217 2435 eqS.
2296 2356 2399 2437 21,
2436 2357 2475 2418 6
2518 2362 2646 2443 ἅμα
2678 2360 2867 2444 ψύχε-

519 2482 617 2525 ται
656 2462 872 2546 κᾴεται
905 2463 1221 2547 ἀλογιστεῖ
1250 2472 1465 2547 φρονεῖ
1491 2462 1553 2546 (ἢ
1584 2465 1703 2547 γὰρ
1738 2463 2013 2547 φοβεῖται
2044 2464 2085 2547 ἢ
2117 2461 2261 2548 παρ’
2294 2464 2501 2549 ὀλίγον
2533 2464 2865 2551 τέθνηκεν)

515 2570 615 2632 ἰ’να
663 2572 744 2653 μὴ
793 2585 923 2647 eqS.
1494 2651 1500 2657 ι

698 2674 996 2754 Denique
1057 2674 1113 2739 si
1166 2674 1236 2738 in
1291 2673 1420 2738 fine
1476 2673 1666 2740 huius
1716 2675 1795 2738 de
1842 2674 2347 2755 parenthesibus
2395 2676 2863 2757 disputationis

520 2779 587 2843 in
648 2779 808 2845 illud
867 2780 1250 2861 inquirimus
1313 2781 1629 2862 quomodo
1693 2781 1979 2862 scriptor
2037 2781 2326 2863 ipsarum
2374 2785 2863 2864 parenthesium

521 2886 890 2952 sententias
923 2887 1378 2968 composuerit,
1416 2888 1763 2954 duodecies
1797 2888 2150 2970 simplicem
2182 2891 2576 2955 sententiam
2607 2886 2899 2958 inveni-'

519 3012 660 3057 mus
709 2991 840 3077 (15,
892 2996 966 3075 93
1028 2996 1130 3075 16,
1185 2996 1299 3075 11;
1362 2996 1464 3073 17,
1519 2996 1589 3075 1;
1650 2996 1754 3076 23,
1807 2998 1923 3076 11;
1984 2996 2088 3075 25,
2141 2999 2257 3080 10;
2308 2999 2413 3079 35,
2467 3000 2581 3080 19;
2632 2999 2735 3080 38,
2788 3002 2860 3081 7;

521 3100 625 3177 54,
675 3102 744 3180 9;
813 3102 916 3181 54,
971 3103 1082 3181 14;
1151 3102 1256 3179 57,
1308 3102 1376 3181 8,
1446 3102 1549 3181 57,
1604 3102 1716 3180 10;
1786 3103 1890 3176 66,
1942 3103 2027 3188 6).
2119 3103 2328 3168 Binae
2377 3106 2748 3170 sententiae
2794 3106 2862 3170 in

521 3205 816 3289 singulas
855 3212 1240 3279 contractae
1279 3216 1436 3273 sunt
1481 3209 1586 3289 43,
1624 3210 1706 3273 22
1757 3215 1825 3273 et
1874 3211 1977 3285 23,
2016 3211 2115 3275 18.
2191 3210 2674 3277 Disinnctivam
2713 3231 2861 3277 sen-

518 3312 796 3378 tentiam
845 3316 948 3393 21,
996 3315 1035 3378 6
1085 3314 1424 3380 cernimus
1516 3316 1767 3379 Poetae
1813 3317 2019 3382 verba
2058 3321 2240 3403 φησὶν
2288 3317 2606 3383 vocabulo
2652 3318 2861 3385 inter-

518 3420 734 3500 posito
782 3422 1164 3501 parenthesi
1196 3423 1300 3504 29,
1346 3423 1429 3485 18
1479 3421 1887 3488 exhibentur.
1963 3423 2405 3490 Accusativus
2454 3443 2599 3489 cum
2645 3425 2861 3491 infini-

518 3526 654 3593 tivo
704 3528 816 3608 qui
863 3546 944 3593 ex
990 3532 1234 3616 ἀνάγκη
1268 3529 1587 3595 vocabulo
1620 3531 1866 3611 pendet
1899 3531 2003 3610 69,
2040 3532 2080 3595 6
2130 3534 2368 3596 exstat.
2446 3532 2667 3611 Atque
2716 3552 2861 3599 cum

519 3635 622 3716 24,
660 3636 740 3698 21
778 3639 844 3699 et
877 3636 982 3715 36,
1021 3638 1099 3699 11
1151 3635 1501 3716 primariae
1550 3639 1616 3700 et
1662 3636 2095 3701 secundariae
2130 3637 2499 3703 sententiae
2530 3638 2857 3722 legantur,

519 3745 751 3807 auctor
799 3743 903 3823 36,
957 3745 1035 3806 11
1102 3742 1168 3807 in
1228 3742 1542 3824 primaria
1603 3743 1936 3808 sententia
1996 3742 2195 3808 etiam
2251 3743 2600 3810 antithesis
2648 3747 2860 3829 figura

518 3867 674 3913 usus
741 3853 859 3915 est.
974 3850 1217 3915 Restat
1265 3851 1369 3931 37,
1424 3852 1502 3913 11
1563 3849 1676 3914 ubi
1736 3851 1900 3921 duas
1966 3850 2457 3917 enuntiationes
2514 3852 2859 3933 primarias

520 3955 860 4038 cernimus,
912 3975 1188 4037 quarum
1227 3958 1310 4021 ab
1360 3956 1576 4022 altera
1623 3957 1823 4023 etiam
1856 3957 2247 4023 secundaria
2278 3960 2537 4038 pendet.
2614 3960 2754 4024 Iam
2791 3960 2859 4025 si

519 4062 898 4143 respicimus
955 4065 1039 4128 ad
1095 4083 1172 4128 ea
1220 4082 1390 4144 quae
1438 4064 1517 4128 de
1565 4063 2071 4144 parenthesibus
2120 4064 2415 4147 diximUS,
2465 4065 2858 4132 varietatem

518 4170 1004 4249 parenthesium
1049 4189 1296 4253 negare
1343 4190 1472 4236 non
1523 4191 1883 4252 possumus

695 4277 1022 4359 Asyndeti
1090 4278 1341 4360 figurae
1415 4299 1608 4359 quam
1676 4278 1883 4359 primo
1942 4280 2085 4345 loco
2148 4280 2573 4360 contemplati
2634 4300 2857 4347 sumus

517 4383 1128 4466 polysyndeton,
1171 4404 1314 4449 cum
1352 4384 1422 4450 in
1461 4385 1809 4451 sententiis
1847 4386 2028 4451 firme
2068 4385 2539 4469 coniungendis
2572 4386 2858 4468 positum

2472 4509 2537 4561 2*
