3417 5059
1367 92 1870 238 ,ssfgffjsa
1890 156 1950 209 ς

1367 208 1398 354 s
1459 201 1990 333 uuuvcffglrv

1391 356 1918 498 ‘Qassfi‘ssssssffi

499 572 718 619 eorum
773 572 1108 619 numerum
1165 572 1306 618 cum
1354 551 1563 636 simili,
1619 557 1694 617 ut
1749 551 1847 616 ita
1894 550 2119 632 dicam,
2175 549 2382 613 fulcro
2428 546 2849 631 grammatico

499 661 639 727 sive
683 660 889 742 logico
946 680 1021 725 ac
1076 661 1488 740 metaphoras
1545 658 1893 724 coniunxit.
1985 659 2219 737 Itaque
2276 654 2628 738 allegoriae
2683 672 2850 737 quae

501 767 911 833 excusatione
960 771 1202 849 carent,
1251 767 1333 831 ab
1375 765 1454 830 iis
1497 766 1728 846 quibus
1758 765 2035 846 scriptor
2067 763 2543 829 excusationem
2582 758 2849 843 addidit,

501 875 960 939 discernendae
999 878 1204 937 erunt.
1263 874 1339 936 In
1386 872 1466 937 iis
1514 878 1732 937 autem
1779 891 1944 953 quae
1984 873 2066 937 ab
2100 890 2173 936 eo
2205 874 2612 951 excusantur,
2660 886 2848 935 voca-

500 982 718 1047 bulum
764 979 957 1045 fulcri
993 982 1130 1045 loco
1169 980 1445 1061 positum
1485 985 1601 1045 aut
1633 983 1717 1044 ad
1750 985 1954 1044 totam
2004 978 2380 1060 allegoriam
2427 982 2543 1042 aut
2591 978 2674 1041 ad
2719 975 2847 1039 sin-

499 1089 658 1168 gula
709 1088 914 1153 verba
961 1090 1370 1152 referendum
1421 1092 1535 1151 est.
1621 1086 1869 1169 Quibus
1916 1085 2285 1167 praemissis
2331 1086 2459 1150 iam
2506 1081 2849 1167 allegoria-

501 1214 640 1259 rum
687 1194 965 1259 indicem
1013 1197 1263 1259 damus:

919 1318 993 1383 Α.
1050 1321 1409 1401 allegoriae
1457 1313 2123 1403 quae'excusatione
2173 1321 2429 1384 carent:

678 1427 737 1510 3,
788 1428 867 1490 17
929 1431 1026 1493 δεῖ
1076 1433 1194 1514 γὰρ
1251 1432 1454 1505 αὐτοῖς
1504 1425 1652 1513 [τοῖς
1699 1424 2034 1513 μεγάλοις],
2099 1428 2181 1503 ὡς
2226 1427 2481 1512 κέντρου
2526 1427 2847 1506 πολλάκις,

503 1540 662 1600 οὕτω
722 1538 789 1600 δὲ
844 1538 949 1600 καί
995 1537 1282 1621 χαλινοῠ;
1361 1535 1460 1615 15,
1518 1535 1561 1599 5
1615 1534 1755 1599 ἀλλ’
1794 1538 1938 1621 ἡμῖν
1996 1538 2104 1620 μὲν
2150 1536 2652 1619 δυσδαιμονοῦσιν
2699 1535 2851 1598 ἀπό-

503 1664 696 1707 κειται
745 1644 924 1728 λιμὴν
971 1654 1188 1707 κακῶν
1237 1645 1269 1706 ὁ
1318 1644 1618 1721 θάνατος;
1685 1641 1785 1724 16,
1828 1642 1911 1706 16
1958 1640 2226 1728 Ὅμηρος
2282 1644 2481 1725 οὔριος
2528 1650 2857 1726 συνεμπνεῖ

502 1760 624 1826 τοῖς
671 1751 934 1835 ἀγῶσινς
997 1748 1100 1829 25,
1149 1748 1233 1811 25
1292 1750 1400 1814 καί
1454 1772 1527 1834 γε
1581 1751 1801 1814 τούτου
1849 1750 2031 1835 ἀπρὶξ
2079 1747 2380 1834 ἐχώμεθα
2426 1758 2533 1812 τοῦ
2580 1757 2850 1825 σκοποῠ;

504 1855 605 1935 26,
649 1854 730 1918 10
779 1858 810 1919 ὁ
857 1857 1122 1921 Πλάτων
1169 1858 1292 1920 ἀπὸ
1339 1866 1446 1920 τοῦ
1493 1853 1826 1942 Ὁμηρικοῦ
1873 1856 2078 1921 κείνου
2128 1856 2394 1939 νάματος
2442 1854 2656 1939 μυρίας
2704 1857 2853 1929 ὅσας

501 1966 900 2047 παρατροπὰς
936 1964 1540 2049 ἀποχετευσάμενος;
1590 1963 1692 2045 26,
1726 1964 1807 2026 21
1857 1966 1963 2027 καὶ
2009 1972 2096 2048 τῷ
2147 1966 2270 2027 ὄντι
2317 1963 2509 2037 καλὸς
2542 1960 2716 2038 οὗτος
2746 1964 2852 2025 καὶ

506 2068 956 2147 ἀξιονικότατος
1003 2070 1285 2148 εὐκλείας
1332 2070 1502 2155 ἀγών
1555 2093 1621 2135 τε
1668 2074 1774 2135 καὶ
1823 2070 2141 2159 στέφανος,
2203 2072 2267 2135 ἐν
2316 2068 2364 2155 ᾧ
2412 2072 2517 2133 καὶ
2556 2073 2625 2133 τὸ
2671 2070 2852 2154 ἡττᾶ-

507 2178 660 2241 σθαι
707 2187 829 2241 τῶν
875 2177 1371 2262 προγενεστέρων
1419 2181 1535 2241 οὐκ
1573 2173 1826 2260 ἄδοξον,
1876 2176 1979 2256 27,
2020 2174 2101 2240 10
2139 2186 2225 2262 τῷ
2263 2180 2384 2262 γὰρ
2428 2180 2550 2242 ὄντι
2589 2176 2748 2263 μέγα
2784 2180 2853 2241 τὸ

507 2283 845 2369 ἀγώνισμα,
894 2294 1167 2348 τοιοῦτον
1214 2280 1630 2349 ὑποτίθεσθαι
1677 2294 1801 2349 τῶν
1849 2284 2014 2349 ἰδίων
2060 2286 2266 2369 λόγων
2313 2284 2703 2369 δικαστήριον
2747 2286 2853 2347 καί

507 2390 774 2474 θέατρον
824 2386 939 2455 ’καί
1005 2392 1069 2456 ἐν
1123 2392 1505 2476 τηλικούτοις
1562 2394 1758 2475 ἥρωσι
1827 2394 1933 2455 καὶ
1989 2401 2222 2475 κριταῖς
2277 2413 2343 2456 τε
2399 2394 2504 2455 καὶ
2563 2392 2854 2476 μάρτυσιν

506 2498 754 2582 ὑπέχειν
818 2508 944 2561 τῶν
1011 2498 1415 2582 γραφομένων
1485 2498 1781 2579 εὐθύνας,
1854 2497 1957 2575 31,
2022 2497 2098 2559 11
2174 2497 2223 2583 ᾧ
2292 2502 2362 2562 τὸ
2431 2502 2855 2583 πραγματικὸν

507 2604 911 2688 ἐγκρύπτεται
957 2605 1523 2689 περιλαμπόμενον,
1573 2603 1677 2683 33,
1734 2604 1814 2667 13
1863 2606 1963 2668 διὰ
2008 2602 2193 2669 ταῦθ’
2233 2605 2370 2690 ἑξῆς
2407 2606 2710 2683 κανονίζει
2748 2607 2854 2669 καί

509 2710 582 2773 δι’
633 2710 972 2795 ἀσφαλείας
1010 2714 1144 2795 ἄγει
1184 2714 1288 2775 καὶ
1328 2712 1622 2797 ὄνόματα;
1671 2711 1776 2790 44,
1814 2710 1900 2774 20
1947 2722 2078 2796 φῶς
2114 2716 2232 2797 γὰρ
2271 2722 2358 2797 τῷ
2400 2716 2522 2776 ὄντι
2559 2714 2709 2777 ἴδιον
2745 2723 2853 2776 τοῦ

509 2829 614 2881 νοῦ
673 2822 750 2882 τὰ
808 2819 977 2881 καλὰ
1033 2820 1330 2903 ὄνόματα;
1390 2817 1495 2896 51,
1549 2818 1628 2881 17
1693 2817 1858 2903 οἶμαι
1904 2822 2012 2895 τὰς
2059 2819 2340 2904 μείζονας
2387 2821 2606 2904 ἀρετὰς
2633 2856 2717 2863 -
2745 2823 2855 2905 τὴν

506 2936 614 2987 τοῦ
671 2925 969 3009 πρωτείου
1028 2926 1233 3010 ψῆφον
1282 2926 1516 3010 μᾶλλον
1573 2928 1667 2989 ἀεὶ
1725 2926 2062 3010 φέρεσθαι;
2132 2925 2236 3004 56,
2282 2925 2365 2989 23
2415 2928 2447 2990 ὁ
2494 2937 2613 3004 πᾶς
2650 2930 2854 3002 αὐτοῖς

508 3033 658 3097 αι’ὼν
717 3034 822 3094 καὶ
886 3032 1028 3115 βίος,
1088 3037 1158 3096 οὒ
1221 3033 1550 3117 δυνάμενος
1607 3036 1726 3097 brec
1786 3044 1893 3096 τοῦ
1952 3035 2192 3117 φθόνου
2240 3034 2575 3118 παρανοίας
2623 3036 2854 3099 ἁλῶναι

509 3138 710 3222 φέρων
757 3138 1047 3202 ἀπέδωκε
1105 3142 1182 3203 τὰ
1237 3139 1555 3224 νικητήρια
1615 3142 1720 3212 καὶ
1768 3143 1911 3225 ἄχρι
1971 3151 2073 3205 νῦν
2130 3141 2507 3225 ἀναφαίρετα
2565 3142 2854 3225 φυλάττει

511 3246 618 3307 καὶ
666 3246 830 3308 ἔοικε
876 3246 1180 3331 τηρήσειν,

686 3348 810 3415 ἔστ’
859 3354 932 3417 ἂν
981 3354 1144 3437 ὕδωρ
1192 3375 1258 3416 τε
1307 3353 1413 3437 ῥέῃ
1462 3356 1567 3417 καί
1615 3354 1868 3438 δένδρεα
1916 3358 2125 3439 μακρὰ
2170 3355 2441 3440 τεθήλῃ

687 3456 791 3535 66,
847 3456 926 3520 15
973 3460 1012 3543 ἡ
1060 3459 1441 3544 δημοκρατία
1487 3471 1609 3525 τῶν
1659 3461 1945 3547 μεγάλων
1994 3462 2210 3546 ἀγαθὴ
2256 3463 2526 3549 τιθηνός.
2606 3460 2711 3540 68,
2767 3459 2847 3523 18

506 3566 584 3626 τὰ
640 3576 1022 3648 φρουροῦντα
1075 3569 1179 3630 τὸν
1236 3578 1339 3631 νῦν
1389 3566 1515 3650 βίον
1563 3570 1667 3631 καὶ
1729 3566 1865 3632 κατ’
1913 3571 2108 3653 ἄκρας
2165 3572 2394 3654 ἄγοντα
2437 3571 2543 3632 καὶ
2592 3568 2856 3655 φέροντα

506 3673 678 3735 ταὺτί
735 3673 936 3759 πάθη.
1032 3671 1136 3749 68,
1178 3672 1218 3735 8
1266 3690 1402 3753 sqq.
1450 3692 1692 3756 magna
1748 3674 1860 3739 illa
1917 3679 1983 3738 et
2039 3672 2483 3756 insignissima
2538 3673 2855 3756 allegoria

507 3774 573 3839 in
631 3775 850 3856 priore
916 3784 1109 3858 parte
1177 3779 1261 3863 (p.
1311 3780 1377 3865 8)
1453 3800 1494 3844 a
1563 3780 1755 3847 nobis
1820 3787 2351 3861 commemorata,
2428 3800 2556 3863 qua
2621 3780 2856 3847 auctor

509 3883 800 3949 ostendit
874 3887 1193 3965 quomodo
1270 3886 1599 3967 cupiditas
1677 3888 1964 3953 habendi
2038 3895 2104 3953 et
2182 3888 2490 3968 voluptas
2576 3887 2852 3952 omnium

512 3988 827 4054 malorum
874 3997 1186 4071 parentes
1235 3994 1556 4074 appellari
1603 3994 1879 4075 possint.

619 4112 692 4177 Β.
744 4116 1100 4197 allegoriae
1149 4119 1548 4201 quibuscum
1600 4122 2078 4185 excusationes
2129 4122 2527 4185 coniunctae
2575 4122 2749 4185 sunt.

509 4227 542 4281 l.
581 4228 880 4296 alienon-iae
927 4244 1150 4297 quarum
1197 4234 1489 4289 excusatio
1535 4234 1604 4288 ad
1652 4234 1965 4293 universam
2010 4235 2343 4291 sententiam
2384 4234 2681 4292 referenda
2726 4236 2854 4290 eet:

687 4347 743 4393 a.
795 4331 908 4405 ὡς;
969 4330 1070 4413 23,
1124 4332 1203 4395 15
1262 4335 1344 4410 ὡς
1401 4336 1607 4419 ψυχὴν
1666 4335 2003 4419 ἐξαιρησεις
2058 4335 2368 4422 σώματοςς
2432 4335 2535 4414 26,
2590 4334 2671 4398 13
2729 4339 2855 4401 ἔστι

509 4432 562 4499 δ’
610 4438 680 4499 οὐ
727 4437 933 4522 κλοπὴ
981 4442 1050 4502 τὸ
1096 4450 1369 4524 πρᾶγμα,
1419 4437 1559 4504 ἀλλ’
1607 4441 1689 4517 ὡς
1738 4443 1859 4505 ἀπὸ
1907 4442 2120 4506 καλῶν
2167 4444 2345 4507 εἰδῶν
2389 4444 2429 4526 ἢ
2476 4443 2857 4528 πλασμάτων
