3417 5059
502 572 778 653 populos
836 570 1208 651 intercedit,
1277 589 1358 635 ex
1412 569 1691 636 hominis
1754 567 1988 635 studiis
2048 588 2127 634 ac
2188 569 2489 635 doctrina
2550 570 2847 651 sumpsit.

501 680 738 759 Itaque
834 677 1172 744 societatis
1256 696 1423 757 quae
1505 676 1679 743 inter
1763 677 1927 741 duas
2011 675 2319 742 civitates
2402 681 2504 741 est
2587 677 2691 757 33,
2764 677 2850 741 23

502 787 756 851 duobus
803 784 1022 851 verbis
1068 784 1464 850 mentionem
1513 783 1696 851 facit.
1774 784 1876 849 Ad
1926 782 2339 866 symmoriam
2387 822 2473 829 —
2521 782 2608 847 sit
2655 782 2851 849 venia

501 892 758 959 Graeco
806 890 1126 958 vocabulo
1174 928 1260 937 —-
1309 892 1479 970 quod
1528 890 1904 956 institutum
1947 890 2227 955 Athenis
2276 888 2622 971 plurimum
2668 890 2849 955 vale-

502 1001 638 1078 bat,
697 1001 801 1078 36,
843 998 886 1063 5
941 1003 1010 1062 et
1056 998 1164 1079 61,
1207 998 1291 1061 24
1339 996 1658 1063 reicimur.
1764 999 2051 1064 Mundus
2100 997 2206 1078 55,
2261 999 2339 1062 11
2390 1016 2632 1080 magna
2679 996 2849 1061 cele-

501 1105 718 1171 bratio
768 1095 1166 1186 appellatur,
1210 1122 1354 1169 cum
1401 1105 1506 1186 68,
1554 1107 1632 1169 18
1681 1104 1836 1170 belli
1882 1103 2127 1170 mentio
2174 1104 2309 1169 fiat.

680 1212 883 1277 Nemo
945 1230 1085 1277 meo
1143 1211 1398 1291 quidem
1461 1210 1699 1277 iudicio
1757 1210 2105 1276 mirabitur
2152 1212 2321 1291 quod
2372 1216 2605 1276 auctor
2654 1230 2853 1292 saepe

501 1317 1029 1400 comparationes
1091 1324 1159 1382 et
1220 1318 1572 1400 allegorias
1635 1338 1674 1382 a
1735 1317 2201 1383 certaminibus
2264 1317 2479 1398 sumit,
2545 1318 2852 1397 quoniam

501 1430 832 1491 certamen
882 1426 962 1490 de
1011 1423 1275 1490 summis
1321 1424 1387 1489 in
1435 1424 1678 1490 litteris
1717 1424 2076 1489 honoribus
2116 1424 2380 1505 saepius
2419 1426 2502 1489 ab
2551 1443 2629 1489 eo
2676 1444 2849 1490 com-

499 1534 866 1599 mendatur.
963 1533 1067 1613 26,
1106 1532 1190 1596 10
1235 1537 1303 1596 01
1351 1532 1456 1607 55,
1495 1533 1571 1595 11
1623 1538 1957 1597 certamen
2004 1550 2148 1596 cum
2195 1530 2537 1610 iudicibus,
2589 1536 2850 1612 specta-

500 1639 777 1719 toribus,
826 1638 1110 1704 testibus
1159 1638 1348 1703 nobis
1394 1642 1550 1702 ante
1598 1638 1821 1704 oculos
1869 1638 2153 1719 ponitur.
2230 1639 2486 1703 Recens
2535 1639 2849 1706 adversa-

500 1746 658 1825 riuS‚
722 1745 832 1826 qui
881 1764 1023 1811 cum
1072 1750 1386 1812 veterano
1435 1749 1504 1809 et
1552 1750 1853 1825 spectato
1904 1749 2175 1828 pugnat,
2238 1746 2341 1825 26,
2397 1746 2477 1808 17
2528 1744 2847 1825 occurrit3

501 1853 689 1933 alius,
763 1852 872 1932 qui
934 1850 1350 1932 quinquertio
1423 1871 1462 1915 a
1511 1850 1750 1916 ceteris
1808 1850 2076 1916 athletis
2134 1851 2441 1933 vincitur,
2503 1851 2645 1932 ipse
2692 1871 2849 1917 vero

501 1960 665 2025 artis
710 1959 1049 2040 imperitos
1095 1956 1321 2037 vincit,
1372 1957 1484 2037 qui
1531 1976 1753 2023 omnes
1802 1976 2116 2039 superare
2165 1959 2387 2023 studet
2434 1977 2646 2039 neque
2693 1978 2848 2025 vero

500 2066 564 2131 id
613 2065 1038 2146 consequitur
1083 2067 1188 2145 52,
1243 2066 1323 2129 14
1373 2063 1763 2130 ostenditur.
1860 2065 1961 2129 De
2016 2064 2417 2129 currentium
2466 2064 2849 2146 corporibus

500 2173 598 2239 ita
654 2172 1035 2239 constrictis
1093 2177 1166 2237 ut
1225 2189 1490 2237 currere
1536 2190 1668 2236 non
1718 2170 1978 2252 possint
2025 2172 2129 2252 37,
2182 2174 2221 2236 2
2272 2171 2511 2255 agitur.
2607 2173 2714 2250 66,
2766 2172 2850 2236 20

502 2280 788 2361 scriptor
833 2280 914 2344 de
960 2279 1267 2361 praemiis
1301 2277 1659 2360 propositis
1691 2297 1860 2358 quae
1893 2278 2209 2345 victorem
2244 2285 2636 2359 exspectant
2668 2277 2847 2353 dicit,

503 2388 607 2464 51,
646 2389 727 2452 17
777 2388 856 2452 de
906 2386 1217 2469 suffragio
1260 2386 1618 2450 secundum
1647 2385 1820 2465 quod
1853 2384 2090 2466 aliquis
2123 2384 2406 2466 principi
2436 2386 2579 2451 loco
2613 2385 2849 2468 dignus

501 2500 620 2559 est.
716 2492 1054 2560 Victoriae
1100 2511 1257 2559 vero
1307 2491 1598 2573 praemia
1647 2492 1751 2573 26,
1795 2494 1900 2571 22,
1951 2492 2063 2557 ubi
2110 2491 2307 2557 etiam
2357 2491 2437 2557 de
2484 2492 2670 2557 clade
2716 2512 2847 2557 non

498 2599 782 2680 ingloria
822 2600 1083 2680 dicitur,
1135 2606 1203 2665 et
1250 2599 1354 2678 56,
1400 2600 1487 2662 24
1536 2605 2139 2665 commemorantur.
2216 2600 2437 2664 Etiam
2488 2599 2848 2664 bestiarum

501 2726 669 2788 quae
729 2708 794 2772 in
857 2706 1028 2772 ludis
1091 2728 1126 2771 e
1187 2725 1451 2771 carcere
1513 2705 1905 2771 emittuntur
1964 2708 2069 2782 69,
2125 2708 2207 2770 16
2266 2705 2660 2771 mentionem
2708 2706 2850 2771 fieri

502 2833 705 2894 supra
751 2813 1048 2879 vidimus,

679 2919 929 3002 Quibus
1020 2920 1622 3002 comparationibus
1709 2925 1777 2984 et
1854 2918 2186 3001 allegoriis
2263 2939 2303 2983 a
2380 2919 2850 2986 certaminibus

503 3028 782 3109 sumptis
819 3027 1031 3092 locum
1064 3029 1150 3109 (4,
1189 3030 1249 3109 1)
1282 3026 1710 3106 adnectimuS,
1763 3025 1873 3107 qui
1922 3028 2006 3091 ad
2053 3032 2262 3091 artem
2312 3026 2653 3107 equitandi
2700 3045 2848 3107 per-

501 3136 687 3200 tinet.
779 3134 881 3200 Ibi
929 3139 1162 3200 auctor
1192 3134 1493 3199 Platonis
1541 3139 1610 3198 et
1639 3133 2021 3199 Aristotelis
2071 3133 2342 3199 dicterio
2392 3153 2550 3199 usus
2597 3132 2848 3215 magni-

504 3241 793 3307 tudinem
857 3260 1058 3323 saepe
1114 3249 1204 3306 ut·
1250 3241 1512 3307 stimulo
1575 3239 1672 3305 ita
1722 3239 1912 3306 freno
1963 3258 2157 3322 egere
2204 3239 2379 3306 dicit.
2474 3242 2615 3305 Iam
2663 3239 2719 3305 si
2766 3241 2847 3305 ad

502 3348 692 3415 varia
731 3349 1060 3414 hominum
1094 3347 1313 3413 studia
1355 3346 1733 3427 transimus,
1786 3347 2125 3412 fabrorum
2175 3347 2267 3412 illi
2318 3347 2490 3413 clavi
2538 3353 2693 3412 sunt
2740 3347 2851 3427 qui

503 3458 608 3536 63,
644 3457 684 3520 9
734 3461 1340 3521 commemorantur.
1421 3455 1694 3520 Duobus
1740 3454 1902 3521 locis
1936 3454 2341 3536 sculptorum
2375 3474 2485 3520 ars
2517 3455 2846 3535 laudatur,

504 3564 608 3644 26,
647 3564 749 3643 13,
800 3562 912 3627 ubi
958 3561 1237 3627 imitatio
1285 3580 1670 3644 magnorum
1720 3562 2113 3643 scriptorum
2146 3580 2460 3643 expressa
2492 3562 2850 3628 formarum

504 3677 622 3735 aut
669 3668 1036 3752 effigierum
1093 3674 1210 3733 aut
1259 3688 1526 3750 operum
1587 3670 2006 3750 pulchrorum
2054 3666 2406 3734 similitudo
2441 3670 2848 3750 appellatur,

504 3783 572 3839 et
618 3776 722 3853 44,
763 3777 820 3856 7,
872 3775 980 3856 qui
1027 3776 1210 3841 locus
1249 3776 1767 3859 magnitudinem
1808 3780 2060 3841 tractat
2099 3776 2364 3855 quaein
2397 3776 2849 3857 pulcherrimis

509 3882 751 3947 statuis
791 3901 935 3947 cum
983 3881 1132 3946 aliis·
1178 3882 1536 3949 virtutibus
1585 3882 1986 3949 efflorescat.
2064 3882 2190 3947 Hic
2239 3881 2436 3947 etiam
2482 3882 2609 3947 loci
2648 3903 2850 3963 snpra

507 3988 782 4052 tractati
847 3990 974 4069 (45,
1034 3991 1097 4069 2)
1162 3989 1664 4071 meminerimus,
1759 3990 1871 4070 qui
1944 3991 2024 4055 de
2098 4009 2300 4070 puero
2366 3990 2523 4073 agit.
2661 3990 2850 4072 Quod

506 4095 829 4176 picturam
877 4095 1138 4177 attinet,
1190 4096 1250 4161 ei
1297 4097 1701 4177 comparatio
1752 4100 2029 4163 debetur
2076 4116 2243 4177 quae
2301 4098 2405 4173 34,
2460 4098 2541 4160 15
2607 4102 2847 4161 exstat.

506 4201 608 4267 lbi
655 4203 734 4267 de
782 4204 1012 4267 umbra
1061 4209 1126 4267 et
1173 4203 1319 4268 luce
1364 4203 1432 4268 in
1483 4206 1710 4269 eadem
1759 4205 2026 4269 tabulae
2074 4203 2417 4284 superficie
2455 4202 2643 4268 iuxta
2674 4204 2849 4267 colo-

505 4308 686 4375 ribus
734 4309 1066 4390 expressis
1113 4310 1354 4392 agitur,
1424 4331 1698 4391 quarum
1758 4318 1978 4375 tamen
2038 4311 2200 4375 haec
2255 4310 2459 4375 multo
2507 4309 2690 4390 prius
2736 4308 2849 4373 illa

506 4416 711 4481 oculis
774 4420 1080 4482 occurrat
1141 4436 1262 4482 nec
1323 4418 1528 4483 solum
1587 4417 1869 4482 emineat
1918 4418 2034 4482 sed
2078 4417 2282 4482 multo
2332 4415 2531 4481 etiam
2578 4415 2847 4496 propior

2461 4539 2525 4594 4*
