<?xml version="1.0" encoding="UTF-8"?>
<!DOCTYPE html PUBLIC "-//W3C//DTD XHTML 1.0 Transitional//EN"
    "http://www.w3.org/TR/xhtml1/DTD/xhtml1-transitional.dtd">
<html xmlns="http://www.w3.org/1999/xhtml" xml:lang="en" lang="en">
 <head>
  <title>
</title>
<meta http-equiv="Content-Type" content="text/html;charset=utf-8" />
  <meta name='ocr-system' content='tesseract 3.04.00' />
  <meta name='ocr-capabilities' content='ocr_page ocr_carea ocr_par ocr_line ocrx_word'/>
</head>
<body>
  <div class='ocr_page' id='page_1' title='image "./deanonymiperihy01freygoog_0013.png"; bbox 0 0 3417 5059; ppageno 0'>
   <div class='ocr_carea' id='block_1_1' title="bbox 1535 371 1974 434">
    <p class='ocr_par' dir='ltr' id='par_1_1' title="bbox 1535 371 1974 434">
     <span class='ocr_line' id='line_1_1' title="bbox 1535 371 1974 434; baseline 0.002 -20"><span class='ocrx_word' id='word_1_1' title='bbox 1535 371 1799 434; x_wconf 72' lang='grc'><strong>...10</strong></span> <span class='ocrx_word' id='word_1_2' title='bbox 1890 408 1974 415; x_wconf 60' lang='lat'>„-</span> 
     </span>
    </p>
   </div>
   <div class='ocr_carea' id='block_1_2' title="bbox 561 565 2935 4474">
    <p class='ocr_par' dir='ltr' id='par_1_2' title="bbox 579 565 2935 848">
     <span class='ocr_line' id='line_1_2' title="bbox 579 565 2935 647; baseline 0 -17"><span class='ocrx_word' id='word_1_3' title='bbox 579 584 658 630; x_wconf 91' lang='lat' dir='ltr'>ea</span> <span class='ocrx_word' id='word_1_4' title='bbox 743 584 911 645; x_wconf 88' lang='lat' dir='ltr'>quae</span> <span class='ocrx_word' id='word_1_5' title='bbox 979 565 1306 630; x_wconf 83' lang='lat' dir='ltr'>Homerus</span> <span class='ocrx_word' id='word_1_6' title='bbox 1383 565 1861 631; x_wconf 78' lang='lat' dir='ltr'>Demosthenes</span> <span class='ocrx_word' id='word_1_7' title='bbox 1938 566 2133 633; x_wconf 88' lang='lat' dir='ltr'>Plato</span> <span class='ocrx_word' id='word_1_8' title='bbox 2214 584 2453 647; x_wconf 90' lang='lat' dir='ltr'>magna</span> <span class='ocrx_word' id='word_1_9' title='bbox 2537 565 2935 645; x_wconf 88' lang='lat' dir='ltr'>protulerint</span> 
     </span>
     <span class='ocr_line' id='line_1_3' title="bbox 580 670 2934 754; baseline 0.001 -19"><span class='ocrx_word' id='word_1_10' title='bbox 580 671 834 736; x_wconf 89' lang='lat' dir='ltr'>cunctis</span> <span class='ocrx_word' id='word_1_11' title='bbox 896 690 1118 736; x_wconf 90' lang='lat' dir='ltr'>eorum</span> <span class='ocrx_word' id='word_1_12' title='bbox 1166 671 1346 737; x_wconf 89' lang='lat' dir='ltr'>vitiis</span> <span class='ocrx_word' id='word_1_13' title='bbox 1405 670 1715 750; x_wconf 84' lang='lat' dir='ltr'>imminui,</span> <span class='ocrx_word' id='word_1_14' title='bbox 1786 673 1901 737; x_wconf 92' lang='lat' dir='ltr'>sed</span> <span class='ocrx_word' id='word_1_15' title='bbox 1968 689 2188 735; x_wconf 90' lang='lat' dir='ltr'>eorum</span> <span class='ocrx_word' id='word_1_16' title='bbox 2250 671 2523 754; x_wconf 84' lang='lat' dir='ltr'>gloriam</span> <span class='ocrx_word' id='word_1_17' title='bbox 2590 672 2934 752; x_wconf 91' lang='lat' dir='ltr'>sempiter-</span> 
     </span>
     <span class='ocr_line' id='line_1_4' title="bbox 579 777 2370 848; baseline 0.004 -7"><span class='ocrx_word' id='word_1_18' title='bbox 579 797 728 843; x_wconf 89' lang='lat' dir='ltr'>nam</span> <span class='ocrx_word' id='word_1_19' title='bbox 777 777 938 843; x_wconf 85' lang='lat' dir='ltr'>fore.</span> <span class='ocrx_word' id='word_1_20' title='bbox 2367 845 2370 848; x_wconf 83' lang='grc'>.</span> 
     </span>
    </p>

    <p class='ocr_par' dir='ltr' id='par_1_3' title="bbox 561 882 2935 3516">
     <span class='ocr_line' id='line_1_5' title="bbox 754 882 2935 967; baseline 0 -19"><span class='ocrx_word' id='word_1_21' title='bbox 754 882 1070 949; x_wconf 80' lang='lat' dir='ltr'>Profecto</span> <span class='ocrx_word' id='word_1_22' title='bbox 1117 902 1344 948; x_wconf 87' lang='lat' dir='ltr'>verum</span> <span class='ocrx_word' id='word_1_23' title='bbox 1391 883 1863 965; x_wconf 86' lang='lat' dir='ltr'>philosophum.</span> <span class='ocrx_word' id='word_1_24' title='bbox 1902 902 1972 949; x_wconf 88' lang='lat' dir='ltr'>se</span> <span class='ocrx_word' id='word_1_25' title='bbox 2022 884 2312 949; x_wconf 79' lang='lat' dir='ltr'>ostendit</span> <span class='ocrx_word' id='word_1_26' title='bbox 2360 902 2500 949; x_wconf 88' lang='lat' dir='ltr'>cum</span> <span class='ocrx_word' id='word_1_27' title='bbox 2549 903 2935 967; x_wconf 86' lang='lat' dir='ltr'>magnorum</span> 
     </span>
     <span class='ocr_line' id='line_1_6' title="bbox 575 988 2933 1072; baseline 0 -18"><span class='ocrx_word' id='word_1_28' title='bbox 575 990 982 1072; x_wconf 89' lang='lat' dir='ltr'>ingeniorum</span> <span class='ocrx_word' id='word_1_29' title='bbox 1044 988 1211 1056; x_wconf 87' lang='lat' dir='ltr'>vitia</span> <span class='ocrx_word' id='word_1_30' title='bbox 1273 1008 1664 1071; x_wconf 88' lang='lat' dir='ltr'>quamquam</span> <span class='ocrx_word' id='word_1_31' title='bbox 1720 1008 1801 1055; x_wconf 89' lang='lat' dir='ltr'>ea</span> <span class='ocrx_word' id='word_1_32' title='bbox 1861 1009 1991 1055; x_wconf 90' lang='lat' dir='ltr'>non</span> <span class='ocrx_word' id='word_1_33' title='bbox 2051 990 2319 1072; x_wconf 84' lang='lat' dir='ltr'>ignorat</span> <span class='ocrx_word' id='word_1_34' title='bbox 2366 990 2670 1055; x_wconf 88' lang='lat' dir='ltr'>clementi</span> <span class='ocrx_word' id='word_1_35' title='bbox 2718 990 2933 1055; x_wconf 91' lang='lat' dir='ltr'>animo</span> 
     </span>
     <span class='ocr_line' id='line_1_7' title="bbox 577 1095 2934 1182; baseline -0.001 -21"><span class='ocrx_word' id='word_1_36' title='bbox 577 1102 852 1161; x_wconf 84' lang='lat' dir='ltr'>excusat</span> <span class='ocrx_word' id='word_1_37' title='bbox 899 1096 1031 1182; x_wconf 90' lang='grc'>(51,</span> <span class='ocrx_word' id='word_1_38' title='bbox 1086 1095 1168 1182; x_wconf 87' lang='lat'>1).</span> <span class='ocrx_word' id='word_1_39' title='bbox 1279 1095 1460 1161; x_wconf 82' lang='lat' dir='ltr'>Dicit</span> <span class='ocrx_word' id='word_1_40' title='bbox 1519 1096 1707 1172; x_wconf 89' lang='lat' dir='ltr'>enim,</span> <span class='ocrx_word' id='word_1_41' title='bbox 1778 1115 1922 1161; x_wconf 93' lang='lat' dir='ltr'>cum</span> <span class='ocrx_word' id='word_1_42' title='bbox 1980 1115 2229 1161; x_wconf 92' lang='lat' dir='ltr'>summa</span> <span class='ocrx_word' id='word_1_43' title='bbox 2290 1095 2634 1179; x_wconf 82' lang='lat' dir='ltr'>diligentia</span> <span class='ocrx_word' id='word_1_44' title='bbox 2680 1096 2747 1160; x_wconf 91' lang='lat' dir='ltr'>in</span> <span class='ocrx_word' id='word_1_45' title='bbox 2799 1115 2934 1161; x_wconf 92' lang='lat' dir='ltr'>om-</span> 
     </span>
     <span class='ocr_line' id='line_1_8' title="bbox 577 1200 2931 1285; baseline 0 -19"><span class='ocrx_word' id='word_1_46' title='bbox 577 1200 768 1267; x_wconf 87' lang='lat' dir='ltr'>nibus</span> <span class='ocrx_word' id='word_1_47' title='bbox 818 1204 1017 1268; x_wconf 92' lang='lat' dir='ltr'>rebus</span> <span class='ocrx_word' id='word_1_48' title='bbox 1062 1202 1317 1267; x_wconf 87' lang='lat' dir='ltr'>minuta</span> <span class='ocrx_word' id='word_1_49' title='bbox 1362 1203 1687 1283; x_wconf 87' lang='lat' dir='ltr'>videatur,</span> <span class='ocrx_word' id='word_1_50' title='bbox 1750 1202 1819 1267; x_wconf 91' lang='lat' dir='ltr'>in</span> <span class='ocrx_word' id='word_1_51' title='bbox 1865 1202 2315 1285; x_wconf 86' lang='lat' dir='ltr'>magnitudine</span> <span class='ocrx_word' id='word_1_52' title='bbox 2362 1202 2609 1285; x_wconf 90' lang='lat' dir='ltr'>ingenii</span> <span class='ocrx_word' id='word_1_53' title='bbox 2656 1221 2931 1283; x_wconf 85' lang='lat' dir='ltr'>quoque,</span> 
     </span>
     <span class='ocr_line' id='line_1_9' title="bbox 573 1307 2933 1391; baseline 0 -18"><span class='ocrx_word' id='word_1_54' title='bbox 573 1313 649 1373; x_wconf 91' lang='lat' dir='ltr'>ut</span> <span class='ocrx_word' id='word_1_55' title='bbox 694 1309 763 1373; x_wconf 91' lang='lat' dir='ltr'>in</span> <span class='ocrx_word' id='word_1_56' title='bbox 812 1308 1078 1391; x_wconf 88' lang='lat' dir='ltr'>copiosa</span> <span class='ocrx_word' id='word_1_57' title='bbox 1125 1328 1199 1374; x_wconf 93' lang='lat' dir='ltr'>re</span> <span class='ocrx_word' id='word_1_58' title='bbox 1243 1307 1573 1389; x_wconf 78' lang='lat' dir='ltr'>familiari,</span> <span class='ocrx_word' id='word_1_59' title='bbox 1625 1310 1947 1389; x_wconf 76' lang='lat' dir='ltr'>quaedam</span> <span class='ocrx_word' id='word_1_60' title='bbox 1993 1309 2401 1391; x_wconf 83' lang='lat' dir='ltr'>neglegenda</span> <span class='ocrx_word' id='word_1_61' title='bbox 2449 1328 2610 1374; x_wconf 89' lang='lat' dir='ltr'>esse.</span> <span class='ocrx_word' id='word_1_62' title='bbox 2706 1310 2933 1389; x_wconf 90' lang='lat' dir='ltr'>Neque</span> 
     </span>
     <span class='ocr_line' id='line_1_10' title="bbox 574 1415 2927 1496; baseline 0.001 -17"><span class='ocrx_word' id='word_1_63' title='bbox 574 1416 639 1479; x_wconf 89' lang='lat' dir='ltr'>id</span> <span class='ocrx_word' id='word_1_64' title='bbox 702 1435 742 1479; x_wconf 92' lang='lat' dir='ltr'>a</span> <span class='ocrx_word' id='word_1_65' title='bbox 800 1415 1186 1496; x_wconf 90' lang='lat' dir='ltr'>philosopho</span> <span class='ocrx_word' id='word_1_66' title='bbox 1247 1415 1451 1481; x_wconf 86' lang='lat' dir='ltr'>vitam</span> <span class='ocrx_word' id='word_1_67' title='bbox 1511 1416 1863 1481; x_wconf 89' lang='lat' dir='ltr'>humanam</span> <span class='ocrx_word' id='word_1_68' title='bbox 1911 1421 2223 1480; x_wconf 87' lang='lat' dir='ltr'>accurate</span> <span class='ocrx_word' id='word_1_69' title='bbox 2273 1417 2670 1481; x_wconf 86' lang='lat' dir='ltr'>observante</span> <span class='ocrx_word' id='word_1_70' title='bbox 2719 1418 2927 1495; x_wconf 87' lang='lat' dir='ltr'>abest,</span> 
     </span>
     <span class='ocr_line' id='line_1_11' title="bbox 575 1521 2930 1604; baseline -0 -18"><span class='ocrx_word' id='word_1_71' title='bbox 575 1523 745 1601; x_wconf 90' lang='lat' dir='ltr'>quod</span> <span class='ocrx_word' id='word_1_72' title='bbox 793 1540 1004 1601; x_wconf 87' lang='lat' dir='ltr'>parva</span> <span class='ocrx_word' id='word_1_73' title='bbox 1052 1527 1171 1587; x_wconf 92' lang='lat' dir='ltr'>aut</span> <span class='ocrx_word' id='word_1_74' title='bbox 1217 1522 1569 1587; x_wconf 77' lang='lat' dir='ltr'>mediocria</span> <span class='ocrx_word' id='word_1_75' title='bbox 1614 1521 1901 1604; x_wconf 87' lang='lat' dir='ltr'>ingenia,</span> <span class='ocrx_word' id='word_1_76' title='bbox 1953 1521 2105 1602; x_wconf 89' lang='lat' dir='ltr'>quia</span> <span class='ocrx_word' id='word_1_77' title='bbox 2152 1541 2475 1601; x_wconf 87' lang='lat' dir='ltr'>nusquam</span> <span class='ocrx_word' id='word_1_78' title='bbox 2524 1540 2595 1587; x_wconf 90' lang='lat' dir='ltr'>se</span> <span class='ocrx_word' id='word_1_79' title='bbox 2641 1521 2930 1602; x_wconf 92' lang='lat' dir='ltr'>periculo</span> 
     </span>
     <span class='ocr_line' id='line_1_12' title="bbox 575 1627 2931 1709; baseline 0 -16"><span class='ocrx_word' id='word_1_80' title='bbox 575 1628 991 1693; x_wconf 88' lang='lat' dir='ltr'>committant</span> <span class='ocrx_word' id='word_1_81' title='bbox 1027 1646 1240 1708; x_wconf 90' lang='lat' dir='ltr'>neque</span> <span class='ocrx_word' id='word_1_82' title='bbox 1279 1629 1419 1693; x_wconf 88' lang='lat' dir='ltr'>alta</span> <span class='ocrx_word' id='word_1_83' title='bbox 1457 1633 1711 1709; x_wconf 90' lang='lat' dir='ltr'>petant,</span> <span class='ocrx_word' id='word_1_84' title='bbox 1764 1629 2141 1708; x_wconf 90' lang='lat' dir='ltr'>plerumque</span> <span class='ocrx_word' id='word_1_85' title='bbox 2182 1648 2220 1692; x_wconf 91' lang='lat' dir='ltr'>a</span> <span class='ocrx_word' id='word_1_86' title='bbox 2269 1627 2561 1708; x_wconf 90' lang='lat' dir='ltr'>peccatis</span> <span class='ocrx_word' id='word_1_87' title='bbox 2608 1628 2816 1693; x_wconf 88' lang='lat' dir='ltr'>libera</span> <span class='ocrx_word' id='word_1_88' title='bbox 2864 1636 2931 1693; x_wconf 91' lang='lat' dir='ltr'>et</span> 
     </span>
     <span class='ocr_line' id='line_1_13' title="bbox 575 1733 2929 1817; baseline -0 -18"><span class='ocrx_word' id='word_1_89' title='bbox 575 1754 615 1799; x_wconf 83' lang='lat' dir='ltr'>a</span> <span class='ocrx_word' id='word_1_90' title='bbox 673 1735 866 1815; x_wconf 88' lang='lat' dir='ltr'>lapsu</span> <span class='ocrx_word' id='word_1_91' title='bbox 928 1738 1076 1799; x_wconf 91' lang='lat' dir='ltr'>tuta</span> <span class='ocrx_word' id='word_1_92' title='bbox 1136 1753 1281 1800; x_wconf 87' lang='lat' dir='ltr'>esse</span> <span class='ocrx_word' id='word_1_93' title='bbox 1344 1734 1521 1810; x_wconf 87' lang='lat' dir='ltr'>dicit,</span> <span class='ocrx_word' id='word_1_94' title='bbox 1587 1753 1733 1799; x_wconf 91' lang='lat' dir='ltr'>cum</span> <span class='ocrx_word' id='word_1_95' title='bbox 1792 1753 2033 1817; x_wconf 87' lang='lat' dir='ltr'>magna</span> <span class='ocrx_word' id='word_1_96' title='bbox 2088 1734 2355 1817; x_wconf 89' lang='lat' dir='ltr'>ingenia</span> <span class='ocrx_word' id='word_1_97' title='bbox 2403 1738 2676 1815; x_wconf 87' lang='lat' dir='ltr'>propter</span> <span class='ocrx_word' id='word_1_98' title='bbox 2721 1733 2929 1814; x_wconf 86' lang='lat' dir='ltr'>ipsam</span> 
     </span>
     <span class='ocr_line' id='line_1_14' title="bbox 573 1840 2932 1925; baseline -0 -20"><span class='ocrx_word' id='word_1_99' title='bbox 573 1841 1087 1924; x_wconf 84' lang='lat' dir='ltr'>magnitudinem</span> <span class='ocrx_word' id='word_1_100' title='bbox 1154 1841 1239 1904; x_wconf 90' lang='lat' dir='ltr'>ad</span> <span class='ocrx_word' id='word_1_101' title='bbox 1302 1841 1560 1921; x_wconf 88' lang='lat' dir='ltr'>lapsum</span> <span class='ocrx_word' id='word_1_102' title='bbox 1625 1840 1944 1921; x_wconf 86' lang='lat' dir='ltr'>proclivia</span> <span class='ocrx_word' id='word_1_103' title='bbox 2011 1840 2144 1905; x_wconf 90' lang='lat' dir='ltr'>sint</span> <span class='ocrx_word' id='word_1_104' title='bbox 2216 1842 2343 1922; x_wconf 85' lang='lat'>(51,</span> <span class='ocrx_word' id='word_1_105' title='bbox 2412 1841 2495 1925; x_wconf 87' lang='lat'>4).</span> <span class='ocrx_word' id='word_1_106' title='bbox 2618 1840 2727 1905; x_wconf 88' lang='lat' dir='ltr'>Ita</span> <span class='ocrx_word' id='word_1_107' title='bbox 2786 1859 2932 1905; x_wconf 86' lang='lat' dir='ltr'>mea</span> 
     </span>
     <span class='ocr_line' id='line_1_15' title="bbox 561 1946 2931 2030; baseline -0 -18"><span class='ocrx_word' id='word_1_108' title='bbox 561 1947 831 2028; x_wconf 81' lang='lat' dir='ltr'>&#39;quidem</span> <span class='ocrx_word' id='word_1_109' title='bbox 879 1947 1210 2012; x_wconf 90' lang='lat' dir='ltr'>sententia</span> <span class='ocrx_word' id='word_1_110' title='bbox 1257 1946 1384 2011; x_wconf 92' lang='lat' dir='ltr'>nisi</span> <span class='ocrx_word' id='word_1_111' title='bbox 1431 1946 1540 2027; x_wconf 91' lang='lat' dir='ltr'>qui</span> <span class='ocrx_word' id='word_1_112' title='bbox 1589 1946 1804 2012; x_wconf 92' lang='lat' dir='ltr'>animo</span> <span class='ocrx_word' id='word_1_113' title='bbox 1838 1966 2073 2030; x_wconf 89' lang='lat' dir='ltr'>magno</span> <span class='ocrx_word' id='word_1_114' title='bbox 2122 1947 2461 2027; x_wconf 89' lang='lat' dir='ltr'>praeditus</span> <span class='ocrx_word' id='word_1_115' title='bbox 2502 1953 2604 2011; x_wconf 88' lang='lat' dir='ltr'>est</span> <span class='ocrx_word' id='word_1_116' title='bbox 2640 1946 2931 2011; x_wconf 89' lang='lat' dir='ltr'>iudicare</span> 
     </span>
     <span class='ocr_line' id='line_1_16' title="bbox 573 2052 2927 2134; baseline -0 -16"><span class='ocrx_word' id='word_1_117' title='bbox 573 2054 816 2134; x_wconf 88' lang='lat' dir='ltr'>nequit.</span> <span class='ocrx_word' id='word_1_118' title='bbox 911 2054 1074 2117; x_wconf 83' lang='lat' dir='ltr'>Tam</span> <span class='ocrx_word' id='word_1_119' title='bbox 1120 2054 1286 2117; x_wconf 91' lang='lat' dir='ltr'>bene</span> <span class='ocrx_word' id='word_1_120' title='bbox 1334 2052 1538 2119; x_wconf 85' lang='lat' dir='ltr'>vitam</span> <span class='ocrx_word' id='word_1_121' title='bbox 1586 2053 1917 2118; x_wconf 89' lang='lat' dir='ltr'>hominum</span> <span class='ocrx_word' id='word_1_122' title='bbox 1956 2072 2306 2133; x_wconf 89' lang='lat' dir='ltr'>eorumque</span> <span class='ocrx_word' id='word_1_123' title='bbox 2344 2072 2555 2118; x_wconf 90' lang='lat' dir='ltr'>mores</span> <span class='ocrx_word' id='word_1_124' title='bbox 2598 2054 2927 2133; x_wconf 84' lang='lat' dir='ltr'>observat,</span> 
     </span>
     <span class='ocr_line' id='line_1_17' title="bbox 573 2158 2929 2249; baseline -0.001 -24"><span class='ocrx_word' id='word_1_125' title='bbox 573 2165 647 2225; x_wconf 91' lang='lat' dir='ltr'>ut</span> <span class='ocrx_word' id='word_1_126' title='bbox 694 2178 838 2225; x_wconf 91' lang='lat' dir='ltr'>eum</span> <span class='ocrx_word' id='word_1_127' title='bbox 887 2179 1017 2224; x_wconf 90' lang='lat' dir='ltr'>non</span> <span class='ocrx_word' id='word_1_128' title='bbox 1067 2158 1304 2249; x_wconf 83' lang='lat' dir='ltr'>fugiat,</span> <span class='ocrx_word' id='word_1_129' title='bbox 1357 2160 1664 2240; x_wconf 90' lang='lat' dir='ltr'>quicquid</span> <span class='ocrx_word' id='word_1_130' title='bbox 1701 2160 1994 2225; x_wconf 90' lang='lat' dir='ltr'>homines</span> <span class='ocrx_word' id='word_1_131' title='bbox 2035 2159 2309 2241; x_wconf 88' lang='lat' dir='ltr'>faciant,</span> <span class='ocrx_word' id='word_1_132' title='bbox 2361 2160 2427 2224; x_wconf 89' lang='lat' dir='ltr'>id</span> <span class='ocrx_word' id='word_1_133' title='bbox 2475 2158 2740 2224; x_wconf 87' lang='lat' dir='ltr'>facilius</span> <span class='ocrx_word' id='word_1_134' title='bbox 2788 2158 2929 2223; x_wconf 86' lang='lat' dir='ltr'>ani·</span> 
     </span>
     <span class='ocr_line' id='line_1_18' title="bbox 572 2265 2931 2346; baseline -0 -16"><span class='ocrx_word' id='word_1_135' title='bbox 572 2267 900 2332; x_wconf 86' lang='lat' dir='ltr'>madverti</span> <span class='ocrx_word' id='word_1_136' title='bbox 947 2272 1015 2331; x_wconf 93' lang='lat' dir='ltr'>et</span> <span class='ocrx_word' id='word_1_137' title='bbox 1061 2266 1502 2346; x_wconf 88' lang='lat' dir='ltr'>sempiternae</span> <span class='ocrx_word' id='word_1_138' title='bbox 1549 2267 1689 2331; x_wconf 88' lang='lat' dir='ltr'>fere</span> <span class='ocrx_word' id='word_1_139' title='bbox 1738 2266 2086 2331; x_wconf 87' lang='lat' dir='ltr'>memoriae</span> <span class='ocrx_word' id='word_1_140' title='bbox 2134 2265 2468 2342; x_wconf 90' lang='lat' dir='ltr'>committi,</span> <span class='ocrx_word' id='word_1_141' title='bbox 2521 2266 2576 2331; x_wconf 87' lang='lat' dir='ltr'>si</span> <span class='ocrx_word' id='word_1_142' title='bbox 2622 2265 2931 2331; x_wconf 87' lang='lat' dir='ltr'>vitiosum</span> 
     </span>
     <span class='ocr_line' id='line_1_19' title="bbox 573 2371 2930 2456; baseline 0 -19"><span class='ocrx_word' id='word_1_143' title='bbox 573 2374 681 2452; x_wconf 91' lang='lat' dir='ltr'>sit,</span> <span class='ocrx_word' id='word_1_144' title='bbox 717 2392 860 2437; x_wconf 91' lang='lat' dir='ltr'>cum</span> <span class='ocrx_word' id='word_1_145' title='bbox 885 2372 1169 2438; x_wconf 90' lang='lat' dir='ltr'>virtutes</span> <span class='ocrx_word' id='word_1_146' title='bbox 1201 2372 1396 2438; x_wconf 88' lang='lat' dir='ltr'>facile</span> <span class='ocrx_word' id='word_1_147' title='bbox 1429 2378 1496 2437; x_wconf 94' lang='lat' dir='ltr'>et</span> <span class='ocrx_word' id='word_1_148' title='bbox 1536 2372 1839 2437; x_wconf 87' lang='lat' dir='ltr'>celeriter</span> <span class='ocrx_word' id='word_1_149' title='bbox 1868 2372 1937 2437; x_wconf 92' lang='lat' dir='ltr'>in</span> <span class='ocrx_word' id='word_1_150' title='bbox 1972 2372 2360 2438; x_wconf 90' lang='lat' dir='ltr'>oblivionem</span> <span class='ocrx_word' id='word_1_151' title='bbox 2385 2372 2659 2438; x_wconf 89' lang='lat' dir='ltr'>veniant</span> <span class='ocrx_word' id='word_1_152' title='bbox 2691 2371 2821 2456; x_wconf 85' lang='lat'>(51,</span> <span class='ocrx_word' id='word_1_153' title='bbox 2846 2372 2930 2456; x_wconf 86' lang='lat'>9).</span> 
     </span>
     <span class='ocr_line' id='line_1_20' title="bbox 572 2478 2931 2562; baseline -0.001 -17"><span class='ocrx_word' id='word_1_154' title='bbox 572 2479 730 2545; x_wconf 85' lang='lat' dir='ltr'>Cum</span> <span class='ocrx_word' id='word_1_155' title='bbox 808 2484 1042 2544; x_wconf 88' lang='lat' dir='ltr'>tantae</span> <span class='ocrx_word' id='word_1_156' title='bbox 1123 2478 1320 2543; x_wconf 89' lang='lat' dir='ltr'>animi</span> <span class='ocrx_word' id='word_1_157' title='bbox 1398 2478 1788 2544; x_wconf 88' lang='lat' dir='ltr'>liberalitati</span> <span class='ocrx_word' id='word_1_158' title='bbox 1868 2481 2234 2543; x_wconf 90' lang='lat' dir='ltr'>concedens</span> <span class='ocrx_word' id='word_1_159' title='bbox 2306 2479 2603 2544; x_wconf 89' lang='lat' dir='ltr'>omnibus</span> <span class='ocrx_word' id='word_1_160' title='bbox 2674 2480 2931 2562; x_wconf 87' lang='lat' dir='ltr'>magnis</span> 
     </span>
     <span class='ocr_line' id='line_1_21' title="bbox 571 2584 2928 2667; baseline -0.001 -14"><span class='ocrx_word' id='word_1_161' title='bbox 571 2585 733 2653; x_wconf 88' lang='lat' dir='ltr'>viris</span> <span class='ocrx_word' id='word_1_162' title='bbox 781 2584 947 2651; x_wconf 88' lang='lat' dir='ltr'>vitia</span> <span class='ocrx_word' id='word_1_163' title='bbox 1007 2587 1353 2664; x_wconf 87' lang='lat' dir='ltr'>condonet,</span> <span class='ocrx_word' id='word_1_164' title='bbox 1417 2604 1497 2650; x_wconf 91' lang='lat' dir='ltr'>ea</span> <span class='ocrx_word' id='word_1_165' title='bbox 1556 2604 1814 2665; x_wconf 90' lang='lat' dir='ltr'>quoque</span> <span class='ocrx_word' id='word_1_166' title='bbox 1874 2585 1941 2649; x_wconf 93' lang='lat' dir='ltr'>in</span> <span class='ocrx_word' id='word_1_167' title='bbox 1990 2584 2225 2665; x_wconf 86' lang='lat' dir='ltr'>quibus</span> <span class='ocrx_word' id='word_1_168' title='bbox 2273 2586 2495 2667; x_wconf 90' lang='lat' dir='ltr'>magni</span> <span class='ocrx_word' id='word_1_169' title='bbox 2540 2590 2778 2666; x_wconf 86' lang='lat' dir='ltr'>poetae</span> <span class='ocrx_word' id='word_1_170' title='bbox 2826 2587 2928 2651; x_wconf 86' lang='lat' dir='ltr'>vel</span> 
     </span>
     <span class='ocr_line' id='line_1_22' title="bbox 574 2691 2928 2774; baseline 0 -18"><span class='ocrx_word' id='word_1_171' title='bbox 574 2698 873 2757; x_wconf 88' lang='lat' dir='ltr'>oratores</span> <span class='ocrx_word' id='word_1_172' title='bbox 911 2693 1018 2758; x_wconf 88' lang='lat' dir='ltr'>vel</span> <span class='ocrx_word' id='word_1_173' title='bbox 1055 2710 1270 2757; x_wconf 88' lang='lat' dir='ltr'>rerum</span> <span class='ocrx_word' id='word_1_174' title='bbox 1311 2692 1668 2772; x_wconf 87' lang='lat' dir='ltr'>scriptores</span> <span class='ocrx_word' id='word_1_175' title='bbox 1710 2698 2105 2757; x_wconf 88' lang='lat' dir='ltr'>erraverunt</span> <span class='ocrx_word' id='word_1_176' title='bbox 2142 2691 2433 2774; x_wconf 89' lang='lat' dir='ltr'>neglegit</span> <span class='ocrx_word' id='word_1_177' title='bbox 2472 2692 2558 2756; x_wconf 90' lang='lat' dir='ltr'>ad</span> <span class='ocrx_word' id='word_1_178' title='bbox 2596 2693 2928 2772; x_wconf 89' lang='lat' dir='ltr'>solamque</span> 
     </span>
     <span class='ocr_line' id='line_1_23' title="bbox 573 2798 2928 2881; baseline 0 -18"><span class='ocrx_word' id='word_1_179' title='bbox 573 2799 1050 2863; x_wconf 88' lang='lat' dir='ltr'>sententiarum</span> <span class='ocrx_word' id='word_1_180' title='bbox 1109 2798 1624 2881; x_wconf 88' lang='lat' dir='ltr'>magnitudinem</span> <span class='ocrx_word' id='word_1_181' title='bbox 1687 2803 1965 2879; x_wconf 85' lang='lat' dir='ltr'>spectat.</span> <span class='ocrx_word' id='word_1_182' title='bbox 2057 2798 2255 2862; x_wconf 92' lang='lat' dir='ltr'>Velut</span> <span class='ocrx_word' id='word_1_183' title='bbox 2311 2798 2667 2862; x_wconf 87' lang='lat' dir='ltr'>Homerum</span> <span class='ocrx_word' id='word_1_184' title='bbox 2722 2799 2928 2879; x_wconf 90' lang='lat' dir='ltr'>Apol-</span> 
     </span>
     <span class='ocr_line' id='line_1_24' title="bbox 572 2903 2928 2987; baseline 0 -19"><span class='ocrx_word' id='word_1_185' title='bbox 572 2904 743 2969; x_wconf 89' lang='lat' dir='ltr'>lonio</span> <span class='ocrx_word' id='word_1_186' title='bbox 792 2924 979 2984; x_wconf 90' lang='lat' dir='ltr'>quem</span> <span class='ocrx_word' id='word_1_187' title='bbox 1028 2922 1347 2985; x_wconf 87' lang='lat' dir='ltr'>nusquam</span> <span class='ocrx_word' id='word_1_188' title='bbox 1398 2904 1652 2985; x_wconf 88' lang='lat' dir='ltr'>lapsum</span> <span class='ocrx_word' id='word_1_189' title='bbox 1701 2922 1847 2969; x_wconf 92' lang='lat' dir='ltr'>esse</span> <span class='ocrx_word' id='word_1_190' title='bbox 1886 2903 2045 2969; x_wconf 90' lang='lat' dir='ltr'>dicit</span> <span class='ocrx_word' id='word_1_191' title='bbox 2089 2903 2285 2987; x_wconf 92' lang='lat' dir='ltr'>longe</span> <span class='ocrx_word' id='word_1_192' title='bbox 2333 2904 2697 2985; x_wconf 88' lang='lat' dir='ltr'>anteponit,</span> <span class='ocrx_word' id='word_1_193' title='bbox 2746 2905 2928 2971; x_wconf 87' lang='lat' dir='ltr'>velut</span> 
     </span>
     <span class='ocr_line' id='line_1_25' title="bbox 570 3010 2924 3092; baseline 0 -17"><span class='ocrx_word' id='word_1_194' title='bbox 570 3010 1004 3075; x_wconf 86' lang='lat' dir='ltr'>Eratostheni</span> <span class='ocrx_word' id='word_1_195' title='bbox 1078 3010 1558 3091; x_wconf 90' lang='lat' dir='ltr'>Archilochum,</span> <span class='ocrx_word' id='word_1_196' title='bbox 1631 3010 1990 3075; x_wconf 88' lang='lat' dir='ltr'>Pindarum</span> <span class='ocrx_word' id='word_1_197' title='bbox 2064 3010 2469 3092; x_wconf 89' lang='lat' dir='ltr'>Bacchylidi,</span> <span class='ocrx_word' id='word_1_198' title='bbox 2546 3011 2924 3091; x_wconf 88' lang='lat' dir='ltr'>Sophoclem</span> 
     </span>
     <span class='ocr_line' id='line_1_26' title="bbox 570 3115 2929 3198; baseline 0.001 -18"><span class='ocrx_word' id='word_1_199' title='bbox 570 3115 716 3181; x_wconf 92' lang='lat' dir='ltr'>Ioni</span> <span class='ocrx_word' id='word_1_200' title='bbox 763 3116 922 3181; x_wconf 87' lang='lat' dir='ltr'>Chio</span> <span class='ocrx_word' id='word_1_201' title='bbox 971 3116 1291 3198; x_wconf 89' lang='lat' dir='ltr'>praefert,</span> <span class='ocrx_word' id='word_1_202' title='bbox 1343 3118 1525 3183; x_wconf 92' lang='lat' dir='ltr'>velut</span> <span class='ocrx_word' id='word_1_203' title='bbox 1563 3117 2069 3183; x_wconf 87' lang='lat' dir='ltr'>Demosthenem</span> <span class='ocrx_word' id='word_1_204' title='bbox 2108 3116 2431 3198; x_wconf 86' lang='lat' dir='ltr'>Hyperidi</span> <span class='ocrx_word' id='word_1_205' title='bbox 2479 3123 2546 3181; x_wconf 89' lang='lat' dir='ltr'>et</span> <span class='ocrx_word' id='word_1_206' title='bbox 2584 3118 2929 3182; x_wconf 89' lang='lat' dir='ltr'>Platonem</span> 
     </span>
     <span class='ocr_line' id='line_1_27' title="bbox 569 3221 2928 3309; baseline 0 -22"><span class='ocrx_word' id='word_1_207' title='bbox 569 3222 816 3304; x_wconf 86' lang='lat' dir='ltr'>Lysiae</span> <span class='ocrx_word' id='word_1_208' title='bbox 878 3223 1227 3303; x_wconf 90' lang='lat' dir='ltr'>praeponit</span> <span class='ocrx_word' id='word_1_209' title='bbox 1284 3224 1412 3303; x_wconf 82' lang='lat'>(51,</span> <span class='ocrx_word' id='word_1_210' title='bbox 1484 3223 1608 3309; x_wconf 80' lang='lat'>12).</span> <span class='ocrx_word' id='word_1_211' title='bbox 1719 3223 1880 3304; x_wconf 79' lang='lat' dir='ltr'>Quis</span> <span class='ocrx_word' id='word_1_212' title='bbox 1935 3221 2285 3305; x_wconf 85' lang='lat' dir='ltr'>negaverit</span> <span class='ocrx_word' id='word_1_213' title='bbox 2345 3241 2491 3287; x_wconf 92' lang='lat' dir='ltr'>eum</span> <span class='ocrx_word' id='word_1_214' title='bbox 2546 3242 2928 3305; x_wconf 87' lang='lat' dir='ltr'>magnorum</span> 
     </span>
     <span class='ocr_line' id='line_1_28' title="bbox 569 3328 2927 3412; baseline -0 -18"><span class='ocrx_word' id='word_1_215' title='bbox 569 3328 857 3394; x_wconf 86' lang='lat' dir='ltr'>virorum</span> <span class='ocrx_word' id='word_1_216' title='bbox 920 3329 1242 3395; x_wconf 90' lang='lat' dir='ltr'>delectum</span> <span class='ocrx_word' id='word_1_217' title='bbox 1303 3329 1444 3395; x_wconf 89' lang='lat' dir='ltr'>eius</span> <span class='ocrx_word' id='word_1_218' title='bbox 1501 3329 1700 3395; x_wconf 88' lang='lat' dir='ltr'>animi</span> <span class='ocrx_word' id='word_1_219' title='bbox 1758 3348 1903 3394; x_wconf 92' lang='lat' dir='ltr'>esse</span> <span class='ocrx_word' id='word_1_220' title='bbox 1952 3328 2063 3409; x_wconf 89' lang='lat' dir='ltr'>qui</span> <span class='ocrx_word' id='word_1_221' title='bbox 2110 3330 2191 3393; x_wconf 88' lang='lat' dir='ltr'>ad</span> <span class='ocrx_word' id='word_1_222' title='bbox 2243 3348 2553 3394; x_wconf 87' lang='lat' dir='ltr'>summam</span> <span class='ocrx_word' id='word_1_223' title='bbox 2602 3328 2927 3412; x_wconf 89' lang='lat' dir='ltr'>magnitu-</span> 
     </span>
     <span class='ocr_line' id='line_1_29' title="bbox 568 3435 2004 3516; baseline 0 -16"><span class='ocrx_word' id='word_1_224' title='bbox 568 3435 783 3501; x_wconf 88' lang='lat' dir='ltr'>dinem</span> <span class='ocrx_word' id='word_1_225' title='bbox 831 3442 900 3501; x_wconf 93' lang='lat' dir='ltr'>et</span> <span class='ocrx_word' id='word_1_226' title='bbox 948 3435 1414 3501; x_wconf 86' lang='lat' dir='ltr'>sublimitatem</span> <span class='ocrx_word' id='word_1_227' title='bbox 1464 3446 1819 3516; x_wconf 87' lang='lat' dir='ltr'>provectus</span> <span class='ocrx_word' id='word_1_228' title='bbox 1869 3435 2004 3501; x_wconf 84' lang='lat' dir='ltr'>sit‘?</span> 
     </span>
    </p>

    <p class='ocr_par' dir='ltr' id='par_1_4' title="bbox 563 3541 2929 4474">
     <span class='ocr_line' id='line_1_30' title="bbox 745 3541 2929 3624; baseline -0 -18"><span class='ocrx_word' id='word_1_229' title='bbox 745 3543 882 3607; x_wconf 88' lang='lat' dir='ltr'>Nec</span> <span class='ocrx_word' id='word_1_230' title='bbox 929 3542 1142 3608; x_wconf 92' lang='lat' dir='ltr'>minus</span> <span class='ocrx_word' id='word_1_231' title='bbox 1190 3544 1356 3608; x_wconf 85' lang='lat' dir='ltr'>bene</span> <span class='ocrx_word' id='word_1_232' title='bbox 1405 3542 1546 3608; x_wconf 89' lang='lat' dir='ltr'>eius</span> <span class='ocrx_word' id='word_1_233' title='bbox 1594 3542 1795 3607; x_wconf 91' lang='lat' dir='ltr'>animi</span> <span class='ocrx_word' id='word_1_234' title='bbox 1841 3541 2226 3624; x_wconf 89' lang='lat' dir='ltr'>magnitudo</span> <span class='ocrx_word' id='word_1_235' title='bbox 2266 3560 2349 3606; x_wconf 84' lang='lat' dir='ltr'>ex</span> <span class='ocrx_word' id='word_1_236' title='bbox 2385 3541 2465 3607; x_wconf 89' lang='lat' dir='ltr'>iis</span> <span class='ocrx_word' id='word_1_237' title='bbox 2506 3542 2929 3623; x_wconf 88' lang='lat' dir='ltr'>cognoscitur</span> 
     </span>
     <span class='ocr_line' id='line_1_31' title="bbox 569 3647 2927 3731; baseline 0.001 -20"><span class='ocrx_word' id='word_1_238' title='bbox 569 3666 737 3727; x_wconf 87' lang='lat' dir='ltr'>quae</span> <span class='ocrx_word' id='word_1_239' title='bbox 783 3648 1136 3714; x_wconf 89' lang='lat' dir='ltr'>identidem</span> <span class='ocrx_word' id='word_1_240' title='bbox 1185 3650 1265 3713; x_wconf 92' lang='lat' dir='ltr'>de</span> <span class='ocrx_word' id='word_1_241' title='bbox 1320 3648 1689 3714; x_wconf 89' lang='lat' dir='ltr'>imitatione</span> <span class='ocrx_word' id='word_1_242' title='bbox 1738 3667 2121 3731; x_wconf 89' lang='lat' dir='ltr'>magnorum</span> <span class='ocrx_word' id='word_1_243' title='bbox 2172 3647 2458 3713; x_wconf 87' lang='lat' dir='ltr'>virorum</span> <span class='ocrx_word' id='word_1_244' title='bbox 2515 3647 2692 3713; x_wconf 89' lang='lat' dir='ltr'>dicit.</span> <span class='ocrx_word' id='word_1_245' title='bbox 2789 3648 2927 3713; x_wconf 87' lang='lat' dir='ltr'>Eos</span> 
     </span>
     <span class='ocr_line' id='line_1_32' title="bbox 568 3754 2927 3837; baseline -0 -19"><span class='ocrx_word' id='word_1_246' title='bbox 568 3754 678 3833; x_wconf 90' lang='lat' dir='ltr'>qui</span> <span class='ocrx_word' id='word_1_247' title='bbox 725 3773 998 3836; x_wconf 88' lang='lat' dir='ltr'>magnos</span> <span class='ocrx_word' id='word_1_248' title='bbox 1043 3756 1402 3837; x_wconf 90' lang='lat' dir='ltr'>scriptores</span> <span class='ocrx_word' id='word_1_249' title='bbox 1438 3756 1849 3821; x_wconf 88' lang='lat' dir='ltr'>aemulentur</span> <span class='ocrx_word' id='word_1_250' title='bbox 1890 3772 2034 3819; x_wconf 89' lang='lat' dir='ltr'>cum</span> <span class='ocrx_word' id='word_1_251' title='bbox 2073 3754 2317 3836; x_wconf 89' lang='lat' dir='ltr'>Pythia</span> <span class='ocrx_word' id='word_1_252' title='bbox 2356 3760 2716 3834; x_wconf 88' lang='lat' dir='ltr'>comparat,</span> <span class='ocrx_word' id='word_1_253' title='bbox 2758 3771 2927 3833; x_wconf 88' lang='lat' dir='ltr'>quae</span> 
     </span>
     <span class='ocr_line' id='line_1_33' title="bbox 567 3859 2927 3947; baseline -0.001 -22"><span class='ocrx_word' id='word_1_254' title='bbox 567 3859 634 3925; x_wconf 86' lang='lat' dir='ltr'>vi</span> <span class='ocrx_word' id='word_1_255' title='bbox 693 3859 917 3926; x_wconf 88' lang='lat' dir='ltr'>divina</span> <span class='ocrx_word' id='word_1_256' title='bbox 975 3862 1252 3944; x_wconf 89' lang='lat' dir='ltr'>gravida</span> <span class='ocrx_word' id='word_1_257' title='bbox 1314 3862 1583 3927; x_wconf 87' lang='lat' dir='ltr'>oracula</span> <span class='ocrx_word' id='word_1_258' title='bbox 1631 3861 1873 3926; x_wconf 85' lang='lat' dir='ltr'>fundat</span> <span class='ocrx_word' id='word_1_259' title='bbox 1922 3862 2051 3946; x_wconf 80' lang='lat'>(25,</span> <span class='ocrx_word' id='word_1_260' title='bbox 2118 3860 2248 3947; x_wconf 80' lang='lat'>26).</span> <span class='ocrx_word' id='word_1_261' title='bbox 2342 3861 2491 3925; x_wconf 91' lang='lat' dir='ltr'>Non</span> <span class='ocrx_word' id='word_1_262' title='bbox 2538 3861 2742 3925; x_wconf 89' lang='lat' dir='ltr'>solum</span> <span class='ocrx_word' id='word_1_263' title='bbox 2792 3861 2927 3924; x_wconf 94' lang='lat' dir='ltr'>Ho-</span> 
     </span>
     <span class='ocr_line' id='line_1_34' title="bbox 566 3965 2926 4047; baseline 0 -17"><span class='ocrx_word' id='word_1_264' title='bbox 566 3984 810 4030; x_wconf 90' lang='lat' dir='ltr'>merum</span> <span class='ocrx_word' id='word_1_265' title='bbox 871 3965 1032 4031; x_wconf 91' lang='lat' dir='ltr'>dicit</span> <span class='ocrx_word' id='word_1_266' title='bbox 1091 3967 1216 4033; x_wconf 90' lang='lat' dir='ltr'>sibi</span> <span class='ocrx_word' id='word_1_267' title='bbox 1261 3968 1670 4034; x_wconf 89' lang='lat' dir='ltr'>Herodotum</span> <span class='ocrx_word' id='word_1_268' title='bbox 1730 3968 1812 4032; x_wconf 92' lang='lat' dir='ltr'>ad</span> <span class='ocrx_word' id='word_1_269' title='bbox 1868 3967 2254 4033; x_wconf 90' lang='lat' dir='ltr'>imitandum</span> <span class='ocrx_word' id='word_1_270' title='bbox 2302 3966 2744 4047; x_wconf 89' lang='lat' dir='ltr'>proposuisse,</span> <span class='ocrx_word' id='word_1_271' title='bbox 2810 3968 2926 4031; x_wconf 90' lang='lat' dir='ltr'>sed</span> 
     </span>
     <span class='ocr_line' id='line_1_35' title="bbox 565 4071 2925 4153; baseline 0 -17"><span class='ocrx_word' id='word_1_272' title='bbox 565 4071 769 4136; x_wconf 91' lang='lat' dir='ltr'>multo</span> <span class='ocrx_word' id='word_1_273' title='bbox 809 4077 966 4137; x_wconf 92' lang='lat' dir='ltr'>ante</span> <span class='ocrx_word' id='word_1_274' title='bbox 1005 4092 1148 4138; x_wconf 92' lang='lat' dir='ltr'>eum</span> <span class='ocrx_word' id='word_1_275' title='bbox 1187 4074 1632 4139; x_wconf 86' lang='lat' dir='ltr'>Stesichorum</span> <span class='ocrx_word' id='word_1_276' title='bbox 1669 4080 1738 4139; x_wconf 90' lang='lat' dir='ltr'>et</span> <span class='ocrx_word' id='word_1_277' title='bbox 1776 4074 2266 4153; x_wconf 81' lang='lat' dir='ltr'>Archilochum3</span> <span class='ocrx_word' id='word_1_278' title='bbox 2319 4073 2599 4139; x_wconf 90' lang='lat' dir='ltr'>omnium</span> <span class='ocrx_word' id='word_1_279' title='bbox 2648 4073 2925 4138; x_wconf 82' lang='lat' dir='ltr'>maxime</span> 
     </span>
     <span class='ocr_line' id='line_1_36' title="bbox 566 4178 2923 4261; baseline 0 -18"><span class='ocrx_word' id='word_1_280' title='bbox 566 4195 722 4243; x_wconf 91' lang='lat' dir='ltr'>vero</span> <span class='ocrx_word' id='word_1_281' title='bbox 769 4178 1114 4245; x_wconf 86' lang='lat' dir='ltr'>Platonem</span> <span class='ocrx_word' id='word_1_282' title='bbox 1161 4198 1306 4245; x_wconf 90' lang='lat' dir='ltr'>eum</span> <span class='ocrx_word' id='word_1_283' title='bbox 1353 4180 1680 4246; x_wconf 89' lang='lat' dir='ltr'>imitatum</span> <span class='ocrx_word' id='word_1_284' title='bbox 1729 4199 1891 4261; x_wconf 88' lang='lat' dir='ltr'>esse,</span> <span class='ocrx_word' id='word_1_285' title='bbox 1961 4180 2071 4261; x_wconf 92' lang='lat' dir='ltr'>qui</span> <span class='ocrx_word' id='word_1_286' title='bbox 2131 4199 2212 4245; x_wconf 84' lang='lat' dir='ltr'>ex</span> <span class='ocrx_word' id='word_1_287' title='bbox 2258 4179 2605 4245; x_wconf 91' lang='lat' dir='ltr'>Homerico</span> <span class='ocrx_word' id='word_1_288' title='bbox 2661 4178 2923 4243; x_wconf 89' lang='lat' dir='ltr'>flumine</span> 
     </span>
     <span class='ocr_line' id='line_1_37' title="bbox 565 4284 2921 4369; baseline 0 -21"><span class='ocrx_word' id='word_1_289' title='bbox 565 4284 804 4349; x_wconf 89' lang='lat' dir='ltr'>multos</span> <span class='ocrx_word' id='word_1_290' title='bbox 852 4285 1029 4352; x_wconf 83' lang='lat' dir='ltr'>rivos</span> <span class='ocrx_word' id='word_1_291' title='bbox 1076 4287 1144 4351; x_wconf 92' lang='lat' dir='ltr'>in</span> <span class='ocrx_word' id='word_1_292' title='bbox 1195 4306 1264 4352; x_wconf 94' lang='lat' dir='ltr'>se</span> <span class='ocrx_word' id='word_1_293' title='bbox 1311 4286 1731 4354; x_wconf 87' lang='lat' dir='ltr'>derivaverit.</span> <span class='ocrx_word' id='word_1_294' title='bbox 1824 4286 1995 4369; x_wconf 78' lang='lat' dir='ltr'>Quid</span> <span class='ocrx_word' id='word_1_295' title='bbox 2032 4287 2204 4367; x_wconf 90' lang='lat' dir='ltr'>quod</span> <span class='ocrx_word' id='word_1_296' title='bbox 2244 4285 2669 4351; x_wconf 88' lang='lat' dir='ltr'>sublimitatis</span> <span class='ocrx_word' id='word_1_297' title='bbox 2712 4284 2921 4349; x_wconf 92' lang='lat' dir='ltr'>inter-</span> 
     </span>
     <span class='ocr_line' id='line_1_38' title="bbox 563 4391 2923 4474; baseline 0 -19"><span class='ocrx_word' id='word_1_298' title='bbox 563 4391 737 4471; x_wconf 89' lang='lat' dir='ltr'>preti</span> <span class='ocrx_word' id='word_1_299' title='bbox 797 4410 1266 4473; x_wconf 89' lang='lat' dir='ltr'>usquequaque</span> <span class='ocrx_word' id='word_1_300' title='bbox 1313 4393 1643 4474; x_wconf 89' lang='lat' dir='ltr'>specimen</span> <span class='ocrx_word' id='word_1_301' title='bbox 1691 4399 1795 4459; x_wconf 90' lang='lat' dir='ltr'>est</span> <span class='ocrx_word' id='word_1_302' title='bbox 1854 4394 2070 4473; x_wconf 91' lang='lat' dir='ltr'>Plat0,</span> <span class='ocrx_word' id='word_1_303' title='bbox 2133 4412 2407 4473; x_wconf 89' lang='lat' dir='ltr'>quocum</span> <span class='ocrx_word' id='word_1_304' title='bbox 2468 4392 2630 4474; x_wconf 89' lang='lat' dir='ltr'>ipse,</span> <span class='ocrx_word' id='word_1_305' title='bbox 2680 4410 2923 4456; x_wconf 90' lang='lat' dir='ltr'>memor</span> 
     </span>
    </p>
   </div>
   <div class='ocr_carea' id='block_1_3' title="bbox 3382 2520 3407 2561">
    <p class='ocr_par' dir='ltr' id='par_1_5' title="bbox 3382 2520 3407 2561">
     <span class='ocr_line' id='line_1_39' title="bbox 3382 2520 3407 2561; textangle 90"><span class='ocrx_word' id='word_1_306' title='bbox 3382 2520 3407 2561; x_wconf 55' lang='grc' dir='ltr'>,ἢ</span> 
     </span>
    </p>
   </div>
  </div>
 </body>
</html>
