3417 5059
1565 344 1653 352 ..-
1745 307 2010 371 36-

612 503 899 589 ἐποίησεν
965 503 1227 569 ὸιίὠνιον.
1353 502 1856 567 Concedendum
1916 501 2175 581 quidem
2236 506 2339 566 est
2399 501 2537 567 eius
2609 501 2960 568 antithesis

614 607 892 673 somnam
939 627 1069 673 non
1107 615 1241 673 tam
1283 608 1628 673 astrictam
1667 628 1813 673 esse
1851 628 2045 689 quam
2080 608 2341 673 illarum
2380 607 2459 673 de
2498 606 2733 687 quibus
2771 609 2960 675 modo

613 714 890 798 egimus3
954 735 1182 782 verum
1243 714 1534 779 dubitari
1590 735 1722 780 non
1784 721 2007 795 potest
2068 714 2225 794 quin
2272 720 2464 779 terna
2511 716 2799 779 membra
2846 734 2964 796 per

613 822 1093 903 oppositionem
1137 821 1316 887 inter
1363 840 1432 886 se
1480 807 1962 903 comparentur.
2032 822 2334 888 Alterum
2378 822 2743 901 exemplum
2793 824 2895 901 17,
2922 822 2962 885 3

613 934 853 994 exstat.
948 927 1050 993 Ibi
1096 928 1256 993 Ilias
1305 947 1452 993 cum
1500 928 1802 1010 Odyssea
1850 932 2287 1010 comparatur.
2362 927 2550 993 Illam
2598 947 2962 1010 anonymus

612 1036 872 1116 plenam
918 1041 1100 1100 motu
1147 1041 1214 1100 et
1263 1034 1526 1100 actione
1573 1054 1719 1101 6886
1767 1034 1946 1113 dicit,
1996 1053 2142 1099 cum
2189 1036 2353 1099 haec
2400 1035 2546 1115 plus
2594 1053 2963 1101 sermonum

611 1143 876 1207 habeat.
970 1141 1170 1208 Cuius
1229 1142 1328 1207 rei
1392 1160 1659 1207 causam
1724 1142 1925 1207 tertio
1990 1140 2341 1207 antithesis
2388 1142 2676 1207 membro
2725 1141 2961 1208 adfert.

611 1248 884 1315 Iliadem
916 1247 1084 1313 enim
1119 1250 1201 1314 ab
1238 1250 1525 1315 Homero
1559 1249 1775 1315 adhuc
1812 1247 2100 1331 vigente,
2150 1249 2321 1314 hanc
2370 1268 2409 1313 a
2458 1268 2613 1315 sene
2652 1248 2965 1330 scriptam

613 1374 758 1421 esse
824 1355 1181 1422 contendit.
1299 1357 1527 1437 Neque
1591 1375 1750 1423 vero
1820 1357 1944 1422 hoc
2008 1356 2150 1423 loco
2220 1356 2543 1421 concinna
2614 1355 2964 1421 antithesis

613 1462 952 1528 structura
999 1468 1242 1542 exstat,
1293 1481 1438 1528 cum
1487 1463 1773 1528 secundo
1821 1463 2107 1527 membro
2157 1463 2396 1543 prioris
2444 1463 2657 1545 partis
2696 1462 2965 1529 tertium

612 1569 1020 1651 posterioris,
1107 1570 1462 1635 secundum
1528 1568 1916 1651 posterioris
1983 1568 2183 1634 tertio
2243 1568 2481 1650 prioris
2547 1572 2963 1650 respondeat.

612 1678 856 1742 Verum
886 1680 1147 1742 tantum
1179 1679 1372 1743 abest
1401 1684 1476 1743 ut
1508 1678 1632 1741 hac
1658 1681 1997 1742 structura
2022 1676 2237 1743 minus
2263 1676 2585 1741 concinna
2608 1677 2963 1756 laedamur,

612 1788 687 1847 ut
735 1802 814 1848 ea
861 1783 1102 1865 quippe
1150 1802 1320 1864 quae
1366 1784 1761 1850 varietatem
1810 1783 2076 1850 adferat
2124 1784 2539 1849 delectemur.

753 1891 974 1956 ‘Haec
1079 1890 1281 1956 habui
1374 1909 1544 1970 quae
1635 1890 1717 1955 de
1809 1890 2143 1955 sententia
2236 1890 2658 1956 antithesium
2753 1891 2963 1971 plenis

613 1996 1180 2062 enuntiationibus
1239 2015 1699 2077 expressarum
1761 1997 2071 2079 dicerem3
2135 2015 2347 2078 pauca
2410 1997 2606 2062 etiam
2664 2016 2833 2077 quae
2881 1998 2966 2063 ad

611 2102 886 2168 formam
933 2110 1272 2168 externam
1322 2102 1659 2184 pertinent
1708 2104 2011 2170 addenda
2060 2110 2233 2169 sunt.
2311 2104 2570 2169 Poterit
2609 2104 2781 2170 enim
2819 2104 2965 2184 quis

612 2228 948 2290 quaerere,
1000 2230 1153 2275 num
1201 2210 1400 2275 etiam
1446 2211 1680 2275 harum
1727 2209 2153 2276 antithesium
2202 2210 2499 2293 singulae
2546 2218 2776 2293 partes
2824 2211 2965 2277 sine

612 2315 746 2381 ulla
792 2316 1119 2397 particula
1166 2316 1341 2381 iuter
1391 2336 1460 2382 se
1501 2322 1942 2398 opponantur.
2019 2318 2166 2383 Hac
2206 2323 2425 2383 autem
2461 2318 2740 2397 ratione,
2792 2318 2967 2398 quod

612 2423 872 2503 quidem
919 2423 1213 2504 viderim,
1265 2431 1500 2489 auctor
1546 2423 1753 2489 libelli
1800 2443 1958 2489 usus
2006 2430 2128 2501 est,
2178 2431 2251 2489 ut
2300 2424 2513 2491 tribus
2559 2425 2719 2489 locis
2768 2424 2853 2509 (9,
2894 2427 2960 2505 7;

611 2533 717 2612 28,
753 2532 822 2611 6;
887 2532 992 2610 36,
1031 2532 1138 2611 22)
1212 2530 1568 2611 posteriori
1632 2530 1812 2612 parti
1876 2536 1981 2597 καί
2047 2530 2438 2612 particulam
2502 2537 2959 2612 praeponeret,

613 2656 757 2702 cum
795 2637 861 2701 in
903 2637 1122 2719 priore
1169 2638 1351 2702 nulla
1398 2637 1460 2702 ei
1505 2639 1970 2719 responderet3
2022 2638 2220 2703 semel
2258 2639 2385 2719 (37,
2423 2638 2529 2723 19)
2578 2638 2713 2705 δἀὖ
2753 2638 2962 2719 parti-

613 2744 800 2809 culae
849 2749 1005 2809 ante
1052 2743 1484 2826 posteriorem
1533 2744 1933 2810 sent-entiam
1972 2744 2230 2824 positae
2268 2751 2442 2825 sunt,
2492 2743 2692 2809 semel
2730 2745 2859 2828 (21,
2900 2747 2963 2829 7)

612 2853 697 2917 δὲ.
793 2850 1008 2915 Maior
1057 2858 1277 2916 autem
1325 2869 1500 2931 11618,
1553 2855 1627 2916 ut
1674 2869 1710 2915 e
1758 2857 2002 2915 natura
2048 2870 2264 2916 rerum
2315 2858 2435 2929 est,
2484 2851 2673 2917 initio
2723 2851 2963 2932 prioris

613 2956 823 3037 partis
864 2961 972 3044 μὲν
1011 2940 1404 3038 particulam
1445 2957 1779 3034 exhibent,
1829 2956 1937 3022 cui
1973 2956 2038 3022 in
2082 2957 2446 3037 posteriore
2484 2962 2553 3024 δὲ
2590 2958 2963 3039 respondet.

611 3065 782 3129 Sunt
825 3063 896 3128 hi
939 3063 1098 3129 loci:
1154 3065 1306 3151 1,7;
1359 3064 1559 3145 15‚3;
1614 3064 1808 3144 15,5;
1865 3064 2108 3145 17,13;
2161 3065 2265 3142 24,
2290 3065 2406 3143 22;
2459 3065 2705 3145 24,23;
2756 3067 2861 3146 25,
2886 3066 2961 3145 3.;

611 3172 827 3249 28‚6;
880 3170 1093 3252 56‚8;
1144 3171 1411 3251 56,13;
1462 3171 1567 3251 56,
1606 3171 1723 3251 15;
1774 3171 1879 3250 57,
1917 3172 1991 3250 4;
2042 3172 2148 3249 57,
2189 3171 2263 3251 6;
2314 3171 2418 3250 68,
2454 3173 2513 3236 4.

789 3278 1024 3343 Altera
1064 3277 1316 3357 species
1356 3276 1541 3342 tertii
1578 3275 1841 3360 generis
1879 3276 2238 3359 figurarum
2270 3277 2767 3358 sententiarum,
2809 3278 2962 3343 iro—

610 3382 812 3449 niam
857 3384 1022 3464 dico,
1064 3384 1295 3464 paucis
1331 3384 1492 3449 locis
1538 3384 1895 3450 invenitur.
1984 3385 2084 3449 Ac
2123 3383 2399 3465 primum
2447 3384 2705 3465 quidem
2752 3403 2963 3450 exem-

611 3491 788 3571 plum
847 3492 904 3572 7,
957 3492 997 3555 8
1054 3496 1297 3556 exstat.
1392 3491 1671 3556 Constat
1733 3492 2180 3558 Alexandrum
2236 3492 2546 3573 Magnum
2608 3512 2648 3556 a
2695 3492 2960 3557 Timaeo

610 3598 694 3663 ob
763 3597 832 3662 id
889 3598 1229 3663 laudatum
1291 3616 1454 3677 esse,
1528 3599 1699 3677 quod
1758 3597 1987 3663 Asiam
2041 3596 2461 3678 paucioribus
2519 3598 2709 3663 annis
2766 3618 2959 3680 supe-

610 3702 898 3770 ravisset
929 3722 1124 3784 quam
1155 3703 1391 3785 quibus
1423 3705 1759 3769 Isocrates
1791 3703 2265 3786 panegyricum
2298 3703 2691 3783 scripsisset.
2753 3705 2961 3787 Quam

613 3810 922 3892 frigidam
968 3810 1222 3876 Timaei
1267 3829 1491 3879 vocem
1532 3810 1819 3891 scriptor
1855 3809 2104 3875 ironice
2142 3809 2369 3874 miram
2402 3810 2694 3891 appellat
2732 3811 2960 3875 aliam-

611 3935 736 3996 que
794 3917 1349 3997 comparationem
1409 3917 1613 3997 addit,
1677 3936 1807 3997 qua
1854 3916 2360 3981 Lacedaemonii
2407 3918 2702 3982 Isocrate
2758 3916 2961 3982 imbe-

610 4022 892 4089 cilliores
955 4024 1262 4090 dicuntur
1323 4023 1550 4104 fuisse,
1625 4042 1770 4089 cum
1846 4023 1942 4088 illi
2002 4024 2371 4089 Messenam
2433 4024 2710 4107 triginta
2770 4024 2961 4089 annis

611 4130 1013 4213 subegerint,
1079 4130 1184 4195 hic
1253 4130 1614 4196 orationem
1685 4132 1907 4195 decem
1974 4129 2165 4195 annis
2230 4130 2687 4210 composuerit.
2779 4132 2961 4195 Idem

611 4236 916 4302 Timaeus
977 4241 1210 4302 auctor
1275 4236 1442 4302 alius
1506 4236 1789 4320 frigidae
1850 4236 2349 4318 paronomasiae
2411 4244 2533 4314 est,
2600 4240 2744 4302 cum
2801 4236 2959 4303 dicit

611 4343 1050 4407 Athenienses
1097 4342 1167 4408 111
1214 4342 1437 4408 Sicilia
1469 4343 1860 4408 Hermarum
1898 4344 2347 4409 mutilatorum
2386 4362 2665 4425 poenam
2702 4342 2960 4409 dedisse
