3417 5059
1571 295 1834 381 —‘14
1928 356 2013 363 -.

795 514 874 577 In
922 514 1270 577 verborum
1316 512 1544 595 figuris
1592 530 1763 591 quae
1817 512 1901 576 in'
1934 511 2394 576 coniunctione
2442 510 2969 575 enuntiationum

619 618 983 685 omittenda
1022 619 1280 700 positae
1320 623 1493 699 sunt,
1535 617 1961 683 anacoluthia
2000 628 2404 697 numeratur,
2447 637 2637 697 quam
2671 617 2969 681 Pseudo·
3066 644 3073 648 ·

618 725 960 809 Longinus
1017 745 1147 791 non
1209 724 1474 790 videtur
1535 727 1615 789 ad
1681 724 2147 789 sublimitatem
2198 724 2469 789 referre.
2561 724 2696 787 Nec
2744 728 2971 803 potest

618 832 870 915 negari,
921 832 975 897 si
1023 832 1168 911 quis
1225 850 1303 897 ea
1358 832 1571 913 figura
1620 836 1868 910 utatur,
1934 850 2075 895 eum
2126 830 2582 913 neglegentiae
2628 829 2970 894 cuiusdam

619 940 1060 1026 accusandum
1109 956 1274 1017 esse,
1323 957 1468 1002 cum
1516 937 1885 1002 sententias
1936 944 2091 1002 ante
2142 938 2547 1001 scribendum
2598 936 2665 1001 in
2714 942 2967 1000 certum

620 1045 906 1110 ordinem
957 1064 1084 1109 non
1125 1044 1472 1127 redegerit.
1551 1044 1958 1125 Quamquam
1998 1044 2211 1109 altera
2252 1062 2333 1108 ex
2370 1053 2562 1123 parte
2601 1044 2967 1108 conceden-

618 1154 766 1217 dum
817 1156 918 1216 est
968 1170 1167 1231 saepe
1216 1156 1474 1215 tantam
1521 1168 1666 1215 esse
1716 1151 2193 1215 sententiarum
2244 1150 2736 1228 abundantiam,
2787 1155 2863 1215 ut
2908 1149 2968 1214 is

618 1257 727 1338 qui
777 1257 1005 1323 scribit
1045 1276 1121 1321 eo
1153 1256 1415 1321 flumine
1449 1256 1819 1337 abripiatur
1851 1256 2347 1336 sententiasque
2390 1256 2616 1320 ordine
2648 1276 2775 1335 quo
2809 1276 2968 1321 con-

619 1369 852 1445 ceptae
893 1368 1049 1429 sunt
1080 1368 1286 1443 ponat
1316 1382 1438 1427 nec
1470 1370 1704 1443 postea
1737 1382 1878 1427 eum
1915 1362 2201 1427 ordinem
2222 1362 2549 1443 immutet,
2592 1368 2823 1443 utpote
2858 1363 2970 1443 qui

617 1470 792 1535 illius
842 1470 1318 1535 sententiarum
1359 1469 1807 1534 abundantiae
1846 1469 2212 1549 perfectam
2251 1468 2595 1551 imaginem
2630 1471 2966 1549 praebeat.

619 1578 856 1657 Itaque
907 1577 1103 1641 etiam
1153 1576 1579 1641 anacoluthia
1616 1576 1882 1641 videtur
1929 1576 2012 1639 ad
2062 1575 2527 1640 sublimitatem
2574 1576 2921 1655 pertinere.

798 1683 995 1748 Cuius
1043 1683 1293 1766 figurae
1341 1700 1556 1763 pauca
1602 1682 1899 1763 exempla
1948 1685 2123 1762 apud
2154 1682 2817 1764 Pseudo-Longinum
2868 1684 2969 1747 in-

619 1790 994 1857 veniuntur.
1104 1791 1196 1855 Et
1258 1789 1562 1855 dubitare
1619 1808 1987 1870 possumuS,
2050 1808 2203 1854 num
2252 1790 2313 1865 9,
2364 1790 2447 1853 22
2498 1789 2756 1853 omnino
2806 1810 2967 1855 ana-

622 1896 911 1961 coluthia
959 1901 1192 1961 exstet.
1286 1896 1388 1961 Ibi
1436 1901 1672 1960 auctor
1718 1894 1935 1960 dicere
1982 1895 2144 1973 vult,
2205 1900 2279 1959 ut
2326 1896 2391 1959 in
2441 1895 2582 1960 vita
2630 1915 2709 1959 ea
2757 1915 2969 1976 parva

619 2003 925 2067 habenda
973 2002 1107 2067 sint
1155 2021 1428 2082 quorum
1477 2008 1895 2083 contemptus
1946 2002 2033 2066 sit
2082 2002 2279 2066 animi
2326 2002 2564 2084 magni,
2624 2002 2720 2067 ita
2770 2001 2968 2067 etiam

619 2109 684 2174 in
737 2108 1148 2173 orationibus
1194 2108 1398 2173 multa
1446 2127 1616 2187 quae
1649 2127 1778 2173 non
1813 2127 1968 2173 vere
2000 2126 2241 2190 magna
2272 2108 2407 2171 sint
2438 2108 2770 2173 reicienda
2803 2128 2965 2175 esse.

621 2216 746 2280 Sed
795 2234 940 2279 cum
1001 2214 1206 2295 priori
1263 2214 1402 2279 eius
1463 2214 1835 2279 sententiae
1894 2214 2072 2294 parti
2130 2214 2523 2279 sententiam
2588 2215 2791 2279 addat
2838 2235 2969 2295 qua

620 2321 972 2386 nonnullas
1007 2340 1087 2385 ex
1133 2320 1261 2385 illis
1310 2320 1535 2401 parvis
1568 2322 1765 2385 rebus
1799 2319 2021 2385 adfert
2060 2326 2260 2400 atque
2292 2320 2352 2385 ei
2385 2339 2622 2385 novam
2654 2323 2971 2386 adnectat

623 2447 752 2507 qua
799 2428 946 2492 illos
995 2427 1122 2509 qui,
1183 2446 1572 2508 quamquam
1630 2426 1899 2493 divitias
1956 2429 2200 2492 habere
2248 2427 2525 2507 possint,
2586 2440 2806 2491 tamen
2855 2448 2969 2493 eas

624 2540 965 2614 spernant,
1053 2534 1574 2600 admirabiliores
1659 2552 1805 2599 esse
1880 2534 2039 2599 dicit
2113 2535 2191 2598 iis
2283 2534 2393 2614 qui
2466 2552 2581 2599 eas
2655 2536 2968 2612 habeant,

625 2640 1034 2706 obliviscitur
1066 2642 1384 2720 quomodo
1433 2641 1951 2705 enuntiationem
2001 2640 2367 2705 instituerit
2416 2660 2493 2704 ac
2541 2660 2715 2705 nova
2761 2660 2971 2706 enun-

622 2747 901 2813 tiat-ione
934 2747 1303 2813 sententias
1339 2748 1669 2829 explicare
1703 2748 1953 2831 pergit:
2003 2750 2249 2814 Εἰδὲναι
2284 2750 2424 2835 χρὴ,
2475 2749 2747 2833 φίλτατε,
2798 2753 2969 2832 διότι,

513 2922 530 2937 ,
621 2858 916 2941 καθάπερ
949 2859 1068 2921 κάν
1099 2868 1186 2941 τῷ
1219 2868 1407 2942 κοινῷ
1441 2858 1551 2942 βίῳ
1586 2860 1762 2922 οὐδὲν
1810 2859 2071 2942 ὑπάρχει
2121 2857 2280 2941 μέγα
2328 2856 2398 2919 οὗ
2445 2860 2514 2920 το
2562 2868 2972 2941 καταφρονεῖν

622 2966 784 3029 ἐστιν
832 2963 1010 3048 μέγα,
1071 2962 1197 3029 οἷον
1243 2965 1497 3028 πλοῦτοι
1545 2967 1708 3048 τιμαί
1758 2965 1926 3041 δόξαι
1973 2963 2319 3048 τυραννίδες
2366 2966 2471 3027 καὶ
2520 2966 2635 3027 ὅσα
2684 2966 2758 3047 δὴ
2808 2965 2973 3027 ἄλλα

622 3072 749 3155 ἔχει
810 3071 970 3134 πολὺ
1029 3074 1100 3134 τὸ
1158 3070 1396 3148 ἔξωθεν
1451 3072 2117 3155 προστραγῳδούμενον
2176 3073 2291 3134 οὐκ
2350 3074 2422 3133 ἂν
2478 3080 2639 3154 τῷγε
2697 3070 2971 3155 φρονίμῳ

624 3176 851 3254 δόξειεν
899 3178 1120 3261 ἀγαθὰ
1167 3176 1652 3261 ὑπερβάλλοντα,
1718 3174 1801 3240 ὧν
1864 3180 2013 3240 αὐτὸ
2059 3180 2128 3239 τὸ
2175 3186 2556 3260 περιφρονεῖν
2604 3178 2851 3260 ἀγαθὸν
2900 3180 2972 3239 οὐ

623 3282 1315 3369 μέτριον·θαυμοίζουσι
1377 3296 1524 3368 γοῦν
1585 3294 1706 3347 τῶν
1769 3284 2037 3368 ἐχόντων
2098 3286 2257 3345 αὐτὰ
2314 3284 2547 3365 μᾶλλον
2604 3287 2745 3359 τοὺς
2792 3285 2972 3348 δυνα-

625 3389 842 3472 μένους
873 3392 1037 3475 ἔχειν
1069 3393 1174 3453 καὶ
1217 3392 1316 3454 διὰ
1364 3390 1831 3474 μεγαλοψυχίαν
1879 3388 2507 3473 ὑπερορῶντας·τῇδέ
2550 3410 2671 3451 που
2718 3392 2825 3451 καὶ
2873 3390 2971 3453 ἐπὶ

623 3505 744 3559 τῶν
794 3496 1130 3579 διῃρμένων
1179 3497 1244 3560 ἐν
1291 3497 1586 3579 ποιήμασι
1634 3499 1740 3560 καί
1788 3499 1993 3581 λόγοις
2040 3495 2462 3576 ἐπισκεπτέον,
2528 3496 2607 3579 μή
2656 3517 2790 3559 τινα
2840 3514 2969 3574 eqS.

625 3598 756 3663 Alii
817 3618 958 3663 eam
1007 3600 1494 3664 anacoluthiam
1544 3601 1775 3664 tollere
1824 3604 2167 3679 conantur,
2233 3618 2377 3664 cum
2438 3599 2589 3664 inde
2650 3620 2690 3664 a
2751 3601 2971 3666 verbis

625 3707 1016 3791 θαυμάζουσι
1041 3720 1190 3791 γοῦν
1215 3724 1346 3785 eqS.
1373 3725 1577 3786 usque
1610 3708 1693 3771 ad
1720 3710 2145 3793 ὑπερορῶντας
2168 3706 2611 3787 parenthesim
2646 3712 2970 3772 statuunt.

521 3804 532 3810 Ν
625 3812 787 3875 Tum
835 3813 1039 3876 verba
1086 3814 1231 3898 τῇδέ
1277 3837 1396 3878 που
1444 3818 1548 3877 καὶ
1597 3816 1694 3879 ἐπὶ
1742 3825 1864 3878 τῶν
1912 3831 2060 3892 eqs„
2114 3832 2154 3876 a
2202 3817 2350 3879 διότι
2398 3814 2773 3894 pendentia,
2826 3833 2970 3879 cum

622 3917 842 3982 verbis
880 3920 1175 4004 καθάπερ
1214 3923 1332 3985 κάν
1361 3932 1456 4005 τῷ
1496 3932 1682 4005 κοινῷ
1724 3922 1833 4005 βίῳ
1874 3938 2004 3998 eqS.
2044 3924 2435 4001 congruunt,
2489 3925 2555 3984 et
2594 3940 2724 3984 una
2764 3940 2968 3985 enun-

627 4023 818 4088 tiatio
869 4024 1110 4105 evadit,
1164 4024 1347 4089 cuius
1396 4027 1681 4090 membra
1729 4026 1826 4089 ita
1872 4025 2047 4091 inter
2096 4045 2166 4090 se
2214 4026 2588 4107 cohaerent,
2652 4033 2725 4090 ut
2773 4028 2968 4091 semel

625 4131 1008 4210 parenthesi
1066 4130 1648 4211 interrumpantur.
1758 4132 1997 4196 Verum
2060 4136 2278 4197 tamen
2342 4131 2574 4213 opinor
2632 4151 2967 4198 numerum

625 4236 1153 4302 enuntiationum
1213 4256 1381 4318 quae
1443 4243 1598 4302 ante
1647 4238 2091 4318 parenthesim
2138 4240 2449 4321 leguntur
2494 4244 2751 4303 tantum
2802 4258 2964 4316 esse,

626 4348 700 4407 ut
748 4344 1000 4409 animus
1062 4344 1128 4408 in
1176 4344 1398 4409 verbis
1444 4347 1590 4430 τῇδέ
1637 4369 1756 4409 που
1806 4365 1936 4424 eqs,
1985 4346 2325 4410 audiendis
2374 4365 2503 4410 non
2554 4345 2750 4410 etiam
2796 4345 2969 4410 initii

3380 944 3385 969 -
3377 829 3385 890 .—⁴
3374 720 3385 765 rex
3370 614 3385 675 ιιι-4
3368 497 3385 549 r-Q*

3266 2995 3275 3128 -ψ--ιο
