3417 5059
1497 335 1942 398 -32—

543 524 890 609 postquam
938 528 1144 610 primo
1194 528 1663 609 disputationis
1714 528 1932 610 capite
1972 530 2051 593 de
2089 528 2157 594 vi
2196 532 2263 593 et
2304 533 2553 593 natura
2604 528 2894 614 sublimi-

548 635 709 700 tatis
743 634 1073 716 disseruit,
1111 634 1348 715 capitis
1383 634 1656 699 alterius
1687 635 1877 699 initio
1912 635 2069 719 (32)
2099 634 2231 699 iam
2262 654 2402 699 eam
2444 634 2895 715 quaestionem

544 742 1019 807 instituendam
1051 760 1197 807 esse
1228 740 1407 821 dicit,
1457 760 1610 806 num
1642 743 1967 821 quaedam
2005 740 2427 806 sublimitatis
2469 746 2585 805 aut
2625 740 2895 821 grandi-

544 848 708 913 tatis
749 848 1096 929 disciplina
1137 847 1240 912 sit.
1317 846 1524 929 Quam
1565 847 2018 927 quaestionem
2056 867 2191 913 non
2228 848 2653 928 exercuisset,
2702 847 2894 912 immo

545 954 771 1019 statim
837 956 920 1019 ad
992 963 1352 1034 praecepta
1418 954 1497 1017 de
1564 953 1968 1019 sublimitate
2036 956 2255 1019 danda
2320 953 2693 1034 transisset,
2767 953 2895 1018 nisi

545 1060 850 1125 scivisset
898 1080 937 1125 a
987 1060 1316 1125 nonnullis
1365 1060 1740 1125 rhetoribus
1787 1060 2020 1142 negari
2066 1060 2229 1125 talia
2276 1059 2343 1124 in
2392 1058 2559 1124 artis
2617 1058 2894 1124 formam

543 1166 754 1249 redigi
800 1185 1012 1248 posse,
1076 1166 1144 1232 id
1203 1168 1374 1248 quod
1431 1168 1534 1232 his
1594 1166 1816 1233 verbis
1879 1165 2215 1248 exprimit:
2281 1170 2412 1232 ἐπεὶ
2462 1169 2621 1245 ὅλως
2668 1170 2893 1233 οἴονται

543 1274 965 1359 διηπατῆσθαι
1019 1281 1161 1353 τοὺς
1213 1279 1292 1339 τὰ
1346 1287 1598 1340 τοιαῦτα
1644 1279 1909 1361 ἄγοντας
1955 1277 2039 1352 εἰς
2084 1278 2338 1360 τεχνικὰ
2384 1274 2891 1359 παραγγέλματα.

542 1376 769 1459 Neque
807 1399 964 1446 vero
1005 1400 1147 1445 eam
1185 1380 1715 1446 adversariorum
1754 1379 2149 1445 sententiam
2188 1378 2501 1463 neglegit,
2552 1380 2665 1443 sed
2714 1377 2894 1458 ipsos

544 1487 961 1553 adversarios
1016 1486 1114 1551 ita
1173 1487 1533 1567 loquentes⁴
1575 1486 1861 1551 inducit:
1911 1500 2195 1574 γεννᾶται
2241 1492 2359 1573 γὰρ
2406 1490 2485 1551 τὰ
2532 1488 2893 1572 μεγαλοφυῆ

544 1598 648 1658 καὶ
715 1598 786 1659 οὐ
853 1598 1112 1659 διδακτὰ
1178 1595 1595 1681 παραγίνεται.
1721 1595 1942 1673 Atque
2012 1594 2098 1657 ad
2172 1592 2288 1657 illa
2365 1590 2895 1657 adversariorum

543 1700 768 1779 verba,
820 1698 1056 1780 quibus
1097 1704 1244 1787 φησί
1283 1700 1676 1766 vocabulum
1706 1699 2002 1779 inmittit,
2054 1699 2449 1765 sententiam
2497 1717 2627 1777 qua
2664 1696 2894 1762 melius

541 1805 918 1871 illustratur
956 1806 1445 1891 quidcogitent
1477 1806 1696 1873 verbis
1737 1809 1821 1885 ὡς
1852 1811 2078 1874 οἴονται
2116 1804 2527 1886 interpositis
2568 1802 2890 1868 adnectit:

543 1914 730 1998 χείρω
778 1938 845 1979 τε
892 1918 987 1989 τὰ,
1017 1918 1250 1999 φυσικὰ
1297 1918 1449 1999 ἔργα
1496 1917 1600 1978 καὶ
1647 1925 1735 2000 τῷ
1784 1918 1962 1980 παντὶ
2010 1916 2324 1999 δειλοτερα
2356 1913 2732 1977 καθίσταται
2763 1922 2894 1987 ταῖς

542 2021 960 2106 τεχνολογίαις
1004 2022 1676 2106 κατασκελετευόμενα.
1769 2019 1932 2083 Tum
1979 2017 2199 2083 Verbis
2242 2022 2365 2105 ἐγὼ
2400 2022 2466 2084 δὲ
2512 2018 2895 2103 ἐλεγχθήσε-

545 2127 697 2189 σθαι
742 2125 923 2191 τοῦθ’
971 2128 1192 2212 ἑτέρως
1239 2130 1384 2213 ἔχον
1433 2130 1584 2214 φημὶ
1633 2144 1712 2191 ea
1759 2144 1928 2206 quae
1961 2124 2327 2191 adversarii
2361 2124 2744 2190 obiecerunt
2776 2140 2897 2187 sua

543 2229 751 2311 ipsius
815 2233 1150 2298 sententia
1195 2234 1294 2299 ita
1341 2232 1646 2298 refellere
1692 2231 1944 2314 incipit,
2009 2238 2081 2297 ut
2141 2232 2211 2296 111
2269 2232 2397 2297 fine
2456 2229 2595 2295 eius
2652 2228 2895 2309 capitis

491 2357 493 2359 ·
545 2336 761 2402 dicere
821 2340 1033 2419 possit
1094 2358 1206 2405 eos
1262 2340 1373 2420 qui
1427 2339 1801 2404 litterarum
1859 2337 2172 2403 studiosis
2230 2337 2396 2402 artis
2446 2335 2732 2401 studium
2781 2354 2893 2399 ex-

542 2445 1026 2526 probraverint,
1079 2464 1210 2511 non
1257 2446 1536 2527 amplius
1585 2464 1898 2511 censuros
1947 2464 2091 2509 esse
2137 2443 2315 2509 illam
2363 2444 2443 2509 de
2490 2441 2893 2508 sublimitate

545 2549 1054 2631 disputationem
1126 2552 1420 2617 inutilem
1491 2559 1608 2617 aut
1679 2570 2156 2633 supervacuam
2228 2568 2389 2615 esse.
2483 2548 2764 2615 Similem
2824 2547 2892 2611 in

543 2658 798 2721 modum
858 2659 962 2739 24,
1018 2662 1074 2735 l,
1139 2665 1492 2739 antequam
1553 2659 1700 2740 ipsa
1762 2657 2286 2724 adversariorum
2338 2658 2542 2721 verba
2603 2653 2889 2734 adferat,

542 2762 986 2829 definitionem
1033 2784 1226 2846 quam
1265 2766 1526 2846 quidam
1574 2766 1875 2830 rhetores
1923 2766 2003 2831 de
2052 2762 2586 2847 exaggerationis
2634 2760 2893 2826 nomine

542 2866 827 2936 fecerint
877 2871 1001 2935 sibi
1048 2871 1306 2936 minime
1355 2872 1616 2952 placere
1649 2872 1841 2937 dicit:
1893 2875 1925 2937 ὃ
1976 2876 2084 2958 μὲν
2131 2871 2237 2937 οὖν
2284 2883 2406 2937 τῶν
2454 2872 2893 2957 τεχνογράφων

543 2981 681 3061 ὅρος
729 2977 921 3064 ἔμοιγ’
970 2984 1086 3045 οὐκ
1132 2982 1406 3065 ἀρεστός.
1502 2980 1667 3043 Tum
1724 2978 1889 3043 ficta
1938 2996 2157 3043 eorum
2207 2977 2411 3044 verba
2458 2976 2693 3057 quibus
2743 2979 2891 3061 φασὶ

542 3084 932 3148 Vocabulum
956 3084 1320 3165 interponit
1346 3084 1596 3150 adfert:
1621 3087 1871 3171 αὔξησίς
1897 3088 2023 3150 ἐστι
2050 3087 2233 3171 λόγος
2266 3086 2535 3171 μέγεθος
2559 3086 2892 3169 περιτιθεὶς

539 3201 663 3267 τοῖς
710 3194 1148 3277 ὑποκειμένοις.
1245 3192 1372 3257 Sed
1428 3192 1624 3257 aliter
1685 3210 1763 3255 ac
1825 3193 1884 3273 3,
1923 3192 1982 3270 8,
2047 3190 2160 3255 ubi
2206 3190 2427 3257 verbis
2472 3194 2597 3278 ἐγὼ
2646 3194 2715 3255 δὲ
2761 3208 2892 3270 eqs,

544 3315 726 3361 suam
789 3298 1184 3363 sententiam
1245 3298 1392 3362 ilico
1451 3297 1853 3363 adversariis
1914 3297 2205 3378 opponit,
2270 3297 2375 3362 hic
2438 3295 2893 3361 enuntiatione

543 3402 946 3484 explicativa
992 3404 1248 3469 illorum
1281 3404 1725 3469 definitionem
1774 3404 1975 3469 etiam
2022 3406 2103 3470 ad
2155 3403 2625 3469 sublimitatem
2662 3407 2729 3467 et
2777 3403 2893 3467 ad·-

541 3506 789 3574 fectum
835 3516 902 3575 et
951 3511 1282 3577 translata
1322 3513 1525 3577 verba
1575 3513 1902 3592 quadrare
1952 3511 2144 3576 dicit:
2209 3514 2459 3578 δύναται
2514 3515 2634 3597 γὰρ
2681 3512 2892 3595 ἀμέλει

543 3622 648 3683 καὶ
681 3620 874 3703 ὕψους
922 3622 1027 3683 καὶ
1075 3621 1322 3697 πάθόυς
1353 3623 1457 3684 καὶ
1505 3621 1751 3705 τρόπων
1798 3619 1949 3684 εἶναι
1997 3624 2199 3695 κοινὸς
2248 3619 2425 3695 οὗτος
2474 3622 2631 3702 ὅρος,
2683 3619 2892 3701 ἐπειδὴ

542 3728 802 3790 κάκεῖνα
848 3736 936 3811 τῷ
976 3728 1144 3811 λόγῳ
1177 3727 1526 3811 περιτίθησι
1561 3728 1737 3790 ποιόν
1767 3750 1822 3790 τι
1858 3728 2144 3811 μέγεθος.
2226 3724 2390 3787 Tum
2424 3724 2679 3788 demum
2709 3742 2895 3789 Suam

545 3829 942 3894 sententiam
982 3830 1084 3895 his
1115 3831 1336 3897 verbis
1371 3830 1690 3911 explicat:
1744 3835 1877 3917 ἐμοὶ
1926 3835 1994 3897 δὲ
2041 3833 2315 3917 φαίνεται
2362 3843 2556 3897 ταῦτα
2603 3833 2895 3917 ἀλλήλων

541 3939 1012 4021 παραλλάττειν,
1070 3938 1108 4024 ᾖ
1157 3950 1352 4004 κεῖται
1408 3943 1478 4003 τὸ
1527 3941 1636 4024 μὲν
1683 3940 1838 4023 ὕψος
1886 3942 1950 4005 ὲν
1999 3941 2298 4024 διάρματι,
2348 3941 2387 4023 ἡ
2436 3936 2743 4024 δἀὔξησις
2789 3942 2894 4003 καὶ

543 4047 606 4110 ὲν
639 4045 872 4129 πλήθει
912 4062 1044 4124 eqs,
1099 4043 1178 4108 In
1227 4044 1354 4109 fine
1402 4049 1622 4108 autem
1669 4043 1863 4109 huius
1910 4044 2161 4109 tenoris
2210 4043 2690 4109 sententiarum
2737 4043 2896 4108 dicit

543 4151 860 4230 quomodo
907 4149 1051 4231 ipse
1093 4150 1628 4233 exaggerationis
1659 4150 1993 4215 notionem
2027 4150 2329 4217 definiat:
2382 4156 2543 4217 ἔστιν
2574 4155 2613 4237 ἡ
2647 4152 2897 4238 αὔξησις

541 4294 629 4301 —-
667 4259 1108 4343 συμπλήρωσις
1155 4260 1279 4323 ἀπὸ
1326 4260 1572 4323 πάντων
1619 4269 1743 4324 τῶν
1792 4260 2221 4344 ἐμφερομένων
2267 4262 2740 4345 τοῖςπροίγμασι
2790 4282 2896 4345 μο-

543 4365 686 4449 ρίων
735 4368 838 4429 καὶ
884 4367 1112 4446 τόπων,
1163 4367 1643 4450 ἰσχυροποιοῠσα
1689 4378 1765 4451 τῇ
1814 4370 2069 4451 ἐπιμονῇ
2117 4370 2187 4430 τὸ
2234 4367 2829 4450 κατεσκευασμένον.
