3417 5059
1385 300 1824 362 —13-

432 498 650 557 tamen
715 498 973 558 tantum
1029 493 1382 575 figurarum
1432 500 1765 559 numerum
1818 494 2185 560 ostendisse
2232 495 2421 559 nobis
2468 495 2781 574 videmur,

351 632 357 639 ·
432 604 528 678 ut,
577 598 633 663 si
670 598 920 681 figurae
959 600 1043 663 ad
1084 599 1400 664 orationis
1441 600 1907 666 sublimitatem
1946 602 2191 681 valent,
2242 607 2515 681 propter
2561 620 2785 665 earum

433 704 870 785 frequentiam
921 705 1308 786 scriptorem
1367 706 1434 771 in
1485 706 1867 772 sublimibus
1914 709 2385 772 numerandum
2436 726 2579 772 esse
2627 724 2783 771 auc-

432 811 686 875 toribus
734 830 852 891 pro
900 817 1082 876 certo
1130 813 1505 880 habeamus,
1971 817 1976 821 ’

608 918 709 981 Ac
769 918 1040 998 primum
1103 918 1359 998 quidem
1420 923 1499 985 de
1547 921 1891 985 verborum
1938 920 2165 1003 figuris
2212 922 2555 1000 loquentes
2603 920 2787 1005 inter

435 1042 550 1089 eas
583 1022 966 1089 discerimus
1014 1044 1183 1103 quae
1220 1025 1284 1089 in
1329 1025 1674 1090 adimenda
1716 1032 1831 1091 aut
1865 1028 2173 1108 augenda
2212 1034 2279 1091 et
2326 1025 2784 1106 amplificanda

434 1131 780 1195 verborum
843 1130 1302 1196 coniunctione
1359 1139 1426 1196 et
1485 1150 1598 1195 eas
1655 1150 1824 1211 quae
1878 1131 1945 1196 in
1997 1133 2215 1197 verbis
2273 1131 2784 1213 transponendis

433 1235 691 1316 positae
758 1242 930 1302 sunt.
1044 1238 1280 1317 Itaque
1341 1238 1547 1319 primo
1603 1238 1746 1303 loco
1804 1240 1889 1303 ad
1938 1240 2307 1321 asyndeton
2357 1238 2463 1303 vel
2510 1238 2784 1303 dissolu-

435 1342 677 1407 tionem
744 1344 1192 1409 accedamus⁴
1267 1345 1371 1409 Ea
1439 1344 1651 1428 figura
1726 1345 2011 1425 scriptor
2077 1363 2274 1424 saepe
2340 1344 2565 1408 utitur.
2679 1345 2785 1409 Ex

435 1448 669 1527 quibus
707 1450 868 1514 locis
906 1451 1032 1514 duo
1073 1450 1271 1515 etiam
1309 1450 1375 1515 in
1417 1450 1859 1516 antithesibus
1898 1450 2270 1516 tractandis*
2318 1449 2507 1515 nobis
2557 1468 2784 1514 occur-

434 1560 604 1634 rent,
668 1573 812 1619 cum
870 1555 938 1619 in
1004 1556 1175 1621 binis
1233 1558 1668 1624 substantivis
1728 1563 1795 1621 et
1850 1557 2069 1623 verbis
2129 1557 2268 1621 sine
2326 1555 2785 1621 coniunctione

435 1660 670 1740 positis
710 1660 906 1725 etiam
945 1662 1295 1728 antithesis
1333 1665 1544 1747 figura
1583 1664 1976 1729 inveniatur.
2052 1664 2220 1729 Sunt
2267 1669 2485 1728 autem
2523 1663 2591 1727 hi
2626 1662 2782 1727 loci:

617 1768 721 1845 21,
771 1768 811 1831 3
857 1774 926 1833 οὐ
971 1773 1334 1855 θαυμάζεις,
1386 1774 1468 1849 ὡς
1509 1770 1802 1857 [Σαπφὼ]
1853 1774 1971 1836 ὑπὸ
2010 1776 2079 1836 τὸ
2118 1775 2269 1835 αὐτὸ
2316 1776 2425 1856 τὴν
2470 1774 2675 1857 ψυχὴν
2715 1774 2784 1834 τὸ

437 1886 637 1959 σῶμα,
677 1879 779 1951 τὰς
803 1879 997 1953 ἀκοὰς
1028 1883 1138 1962 τὴν
1161 1880 1454 1963 γλῶσσαν
1486 1867 1593 1955 τας
1621 1882 1789 1963 ὄψεις
1817 1884 1927 1963 τὴν
1950 1880 2144 1963 χρόαν
2163 1915 2251 1921 -
2271 1880 2569 1963 ἐπιζητεῖ,
2603 1878 2707 1957 21,
2744 1878 2783 1939 5

439 1978 732 2065 [Σαπφὼ]
779 1981 934 2047 καθ’
973 1985 1441 2062 ὑπεναντιώσεις
1482 1987 1873 2071 ἅμαψύχεται
1921 1986 2159 2069 κάεται,
2202 1986 2518 2069 ὰλογιστεῖ
2558 1996 2782 2069 φρονεῖ.

615 2087 912 2168 Reliqua,
963 2088 1028 2152 in
1079 2089 1313 2169 quibus
1362 2089 1525 2154 nihil
1571 2089 1989 2154 memorabile
2021 2090 2215 2171 inest,
2267 2108 2341 2153 eo
2393 2088 2619 2154 ordine
2667 2090 2782 2153 ad-

440 2190 726 2258 feremus
774 2214 900 2274 quo
947 2195 1015 2259 in
1062 2196 1229 2260 libro
1279 2202 1577 2261 exstant:

543 2302 547 2306 ’
620 2301 719 2380 10,
776 2302 857 2364 14
904 2314 1028 2381 τοῖς
1075 2307 1198 2368 ἀπὸ
1231 2306 1540 2389 διαφόρων
1579 2306 2079 2389 ἐπιτηδευμάτων
2113 2304 2258 2389 βίων
2291 2305 2497 2388 ζήλων
2528 2305 2785 2389 ἡλικιῶν

438 2410 675 2493 λόγων,
729 2409 830 2487 11,
868 2410 948 2473 13
999 2410 1189 2475 οἶκτοι
1237 2413 1424 2475 λῦπαι
1473 2412 1648 2496 φόβοι
1717 2409 1817 2490 15,
1870 2410 1909 2471 2
1957 2412 2277 2495 τραύματα
2324 2412 2494 2475 θεῶν
2542 2411 2785 2487 στάσεις

437 2516 726 2600 τιμωρίας
773 2517 1013 2602 δάκρυα
1060 2520 1256 2602 δεσμὰ
1301 2520 1481 2601 πάθη
1530 2519 1899 2602 πάμφυρτα,
1950 2517 2053 2597 24,
2091 2516 2175 2578 24
2223 2520 2325 2581 διὰ
2366 2522 2436 2581 τὸ
2470 2520 2623 2601 μετὰ
2654 2516 2785 2601 βίας

442 2624 700 2704 ἕκαστα,
764 2626 850 2687 ἔτι
912 2627 980 2688 δὲ
1025 2626 1253 2709 τάχους
1301 2625 1508 2709 ῥώμης
1555 2627 1897 2710 δεινότητος
1946 2623 2071 2688 οἷον
2118 2624 2312 2688 καίειν
2361 2641 2525 2704 eqS.;
2587 2623 2691 2701 33,
2743 2623 2783 2686 9

439 2730 544 2791 καὶ
591 2732 813 2794 ταύτὸν
861 2766 943 2775 —-——
993 2734 1120 2815 ἅμα
1177 2731 1481 2808 ἀπόδειξίς
1529 2733 1654 2795 ἐστι
1702 2743 1811 2794 τοῦ
1860 2734 2049 2815 μηδὲν
2093 2730 2532 2815 ἡμαρτηκέναι,
2589 2731 2785 2814 πάρά-

441 2838 677 2921 δειγμα,
729 2840 930 2921 ὅρκων
975 2838 1192 2918 πίστις,
1243 2837 1569 2921 ἐγκώμιον,
1618 2838 1970 2921 προτροπή,
2034 2836 2137 2914 33,
2190 2836 2275 2899 26
2323 2838 2611 2901 ὑπόνοιαν
2660 2837 2785 2900 ἐνέ-
2894 2901 2904 2911 ,

317 2953 330 2962 “
441 2944 586 3026 δρας
633 2944 959 3028 ἐπιβουλῆς
998 2946 1507 3028 παραλογισμοῦ;
1557 2943 1662 3022 33,
1715 2942 1797 3005 27
1848 2948 1993 3007 ὅταν
2032 2942 2070 3027 ᾖ
2118 2947 2269 3027 πρὸς
2316 2947 2529 3026 κριτὴν
2575 2943 2783 3026 κύριον

442 3050 474 3111 ό
525 3050 728 3133 λόγος,
792 3051 1059 3134 μάλιστα
1119 3053 1187 3114 δὲ
1247 3055 1396 3135 πρὸς
1456 3051 1785 3134 τυράννους
1846 3050 2135 3134 βασιλέας
2188 3051 2527 3134 ἡγεμόνας,
2589 3047 2693 3126 36,
2744 3048 2784 3111 6

440 3156 686 3241 ἐρανίζῃ
732 3162 842 3241 τὴν
892 3157 1067 3241 ίσχὺν
1113 3161 1222 3241 τὴν
1269 3159 1473 3221 πειθὼ
1521 3161 1591 3220 τὸ
1629 3157 1881 3233 κάλλος.
1964 3156 2052 3235 (IS
2099 3154 2282 3218 locus
2329 3154 2413 3217 ob
2444 3172 2586 3217 eam
2624 3171 2784 3233 quo-

442 3280 566 3339 que
612 3280 747 3325 rem
796 3261 1034 3344 dignus
1083 3268 1188 3326 est
1234 3262 1345 3341 qui
1391 3267 1947 3341 commemoretur,
2012 3260 2185 3340 quod
2246 3260 2441 3340 paulo
2503 3264 2658 3324 ante
2706 3260 2786 3324 de

443 3368 783 3449 asyndetis
832 3368 1075 3433 dictum
1124 3374 1244 3449 est,
1309 3387 1582 3449 quorum
1644 3368 2008 3448 exemplum
2069 3367 2198 3431 iam
2259 3366 2444 3447 pon-it
2506 3365 2785 3450 auctor.)

443 3476 545 3554 37,
600 3476 680 3539 16
728 3480 836 3553 τὰς
883 3478 1074 3555 λέξεις
1121 3480 1228 3553 τὰς
1277 3478 1514 3560 νοήσεις
1560 3481 1670 3561 τὴν
1719 3478 1793 3539 ἐκ
1830 3487 1937 3540 τοῦ
1976 3480 2141 3539 κατὰ
2184 3476 2362 3559 φύσιν
2394 3476 2603 3559 εἱρμοῦ
2637 3497 2801 3538 παν--

441 3583 619 3659 τοίως
659 3588 810 3668 πρὸς
850 3583 1063 3667 μυρίας
1095 3588 1324 3667 τροπὰς
1359 3583 1800 3647 ἐναλλάττουσι
1834 3583 2031 3663 τάξιν,
2080 3581 2186 3657 38,
2222 3581 2306 3643 28
2355 3582 2417 3644 αἱ
2462 3591 2584 3645 τῶν
2623 3580 2786 3644 πτώ-

441 3708 604 3753 σεων
650 3692 889 3775 χρόνων
937 3690 1287 3774 προσώπων
1336 3693 1621 3774 ἀριθμῶν
1668 3700 1865 3773 γενῶν
1898 3688 2285 3768 ἐναλλάξεις,
2335 3687 2439 3765 44,
2480 3686 2561 3749 16
2611 3687 2788 3771 μέγε-

443 3798 560 3872 θος
609 3800 735 3880 ἅμα
781 3798 1014 3873 κάλλος
1061 3797 1364 3862 εὐπίνειαν
1412 3797 1596 3881 βάρος
1645 3798 1821 3879 ἰσχὺν
1867 3796 2125 3878 κράτος,
2175 3792 2279 3872 54,
2318 3794 2396 3855 11
2448 3793 2787 3879 ὑψηγορίας

442 3903 637 3983 τόνον,
687 3905 938 3987 ἔμψυχα
968 3905 1169 3988 πάθη,
1204 3902 1576 3987 περιουσίαν,
1627 3902 1964 3986 ἀγχίνοιαν,
2013 3902 2220 3984 τάχος,
2256 3903 2416 3965 ἔνθ-α
2446 3902 2521 3985 δὴ
2555 3901 2783 3984 κύριον,

442 4012 552 4092 τὴν
601 4012 826 4074 ἅπασιν
873 4012 1203 4094 ἀπρόσιτον
1250 4011 1566 4093 δεινότητα
1613 4011 1719 4072 καὶ
1767 4009 2053 4091 δύναμιν,
2102 4006 2206 4085 56,
2261 4006 2343 4069 19
2390 4010 2468 4070 τὰ
2513 4004 2786 4091 Ὁμήρου

443 4119 521 4178 τὰ
552 4116 991 4200 Δημοσθένους
1022 4120 1099 4180 τὰ
1128 4117 1464 4192 Πλάτωνος
1495 4126 1617 4179 τῶν
1649 4116 1879 4195 ἄλλων,
1931 4118 2062 4178 ὅσοι
2094 4115 2169 4197 δὴ
2203 4130 2335 4191 eqS.
2386 4110 2785 4195 (consideres

445 4238 689 4300 quaeso
752 4220 1132 4301 scriptorem
1195 4240 1326 4293 non
1387 4226 1465 4286 τὰ
1524 4232 1646 4286 τῶν
1707 4222 1917 4285 ἄλλων
1978 4219 2095 4283 sed
2156 4218 2362 4282 solum
2408 4228 2530 4283 τῶν
2578 4219 2786 4282 ἄλλων

446 4326 849 4411 Scripsisse);
923 4328 1026 4407 60,
1081 4329 1158 4390 11
1221 4330 1505 4405 ποικίλας
1565 4339 1857 4392 κινοῦσαν
1919 4327 2081 4403 ἰδέας
2142 4327 2458 4410 ὀνομάτων
2514 4325 2787 4409 νοήσεων

445 4436 822 4521 πραγμάτων
869 4435 1140 4511 κάλλους
1188 4435 1521 4519 εὐμελείας.
