3417 5059
1436 336 1880 404 *33*

657 534 876 601 Aliter
907 539 1142 599 auctor
1172 533 1773 615 praesumptionem
1804 531 2098 598 instituit
2130 548 2299 612 quae
2324 531 2429 605 58,
2458 530 2541 594 28
2566 528 2827 612 legitur.

480 642 704 721 Neque
771 640 938 705 enim
1006 659 1190 705 suam
1235 639 1444 720 ipsius
1491 638 1909 718 sententiam,
1978 639 2095 703 sed
2140 638 2459 718 quaedam
2510 634 2831 701 Herodoti

477 749 685 812 verba
715 746 1120 811 refutatione
1153 744 1518 811 adversarii
1565 744 1868 812 defendit
1906 750 1973 811 et
2003 744 2237 809 firmat.
2315 743 2416 808 De
2437 737 2831 824 'hyperbolis

480 872 684 936 agens
719 853 998 934 optimas
1037 871 1183 918 esse
1221 852 1380 918 dicit
1411 870 1526 917 eas
1557 871 1729 933 quae
1752 853 1865 920 vix
1894 850 2296 933 hyperbolae
2324 848 2828 931 intellegantur;

479 960 546 1023 id
585 964 804 1025 autem
841 958 1002 1035 fieri,
1055 958 1110 1024 si
1147 959 1548 1041 hyperbolae
1586 960 1671 1024 ab
1709 958 1979 1026 adfectu
2008 963 2086 1032 ‚et
2123 956 2577 1040 magnitudine
2614 974 2829 1023 rerum

479 1065 938 1131 adiunctarum
1031 1065 1554 1147 proficiscantur.
1716 1066 1883 1131 Tum
1973 1063 2164 1131 verbi
2253 1062 2474 1147 gratia
2565 1066 2833 1144 praeter

477 1171 968 1253 Thucydideum
1032 1156 1244 1237 locum
1309 1170 1506 1237 etiam
1555 1172 2002 1237 Herodoteum
2068 1170 2155 1254 (7,
2206 1170 2359 1250 225)
2406 1170 2655 1249 laudat,
2720 1168 2831 1235 ubi

477 1277 795 1344 historiae
826 1283 1022 1359 pater
1052 1280 1346 1344 Graecos
1379 1280 1462 1343 ad
1488 1278 1962 1360 Thermopylas
1995 1276 2231 1360 gladiis
2264 1275 2323 1340 si
2352 1275 2587 1355 quibus
2620 1276 2831 1341 adhuc

478 1384 767 1451 fuissent
813 1391 932 1449 aut
963 1386 1264 1450 manibus
1295 1390 1364 1451 et
1397 1404 1516 1450 ore
1548 1391 1925 1468 pugnantes
1958 1404 1997 1449 a
2036 1382 2341 1449 barbaris
2374 1382 2525 1447 telis
2558 1384 2830 1447 obrutos

477 1510 623 1556 esse
670 1495 921 1557 narrat.
1007 1490 1194 1573 Quae
1248 1492 1606 1574 hyperbole
1663 1491 1973 1572 scriptori
2029 1490 2221 1557 valde
2269 1490 2507 1570 placet,
2566 1507 2711 1553 cum
2751 1508 2831 1553 ex

475 1598 624 1678 ipsa
669 1617 742 1664 re
788 1598 977 1663 nasci
1019 1597 1343 1665 videatur.
1440 1599 1569 1665 Sed
1614 1616 1759 1662 cum
1806 1617 1939 1663 non
1985 1598 2249 1680 ignoret
2296 1595 2463 1661 alios
2510 1595 2705 1661 aliter
2752 1596 2831 1661 de

477 1723 557 1769 ea
601 1710 677 1769 re
723 1704 1035 1783 iudicare,
1088 1723 1311 1769 eorum
1371 1704 1791 1783 sententiam,
1860 1722 1987 1784 quo
2053 1702 2283 1768 melius
2349 1721 2491 1767 eam
2558 1702 2832 1785 adgredi

478 1810 710 1891 possit,
758 1810 827 1876 in
865 1809 1076 1877 medio
1115 1810 1322 1891 ponit,
1371 1816 1441 1876 et
1477 1811 1601 1875 hoc
1642 1809 1899 1891 quidem
1937 1810 2101 1890 locO,
2144 1827 2287 1874 cum
2325 1808 2422 1873 illi
2458 1808 2832 1875 sententiae

477 1921 650 2003 ἐρεῖς.
697 1916 1091 1982 vocabulum
1153 1915 1450 1999 inmittit,
1521 1917 1719 1983 alteri
1781 1935 2105 1998 personae
2172 1915 2538 1982 adversarii
2603 1921 2831 1996 partes

479 2026 626 2088 dat:
691 2023 816 2091 οἶόν
873 2027 1001 2090 ἐστι
1055 2030 1126 2089 τὸ
1191 2028 1296 2090 καὶ
1354 2028 1614 2111 στόμασι
1677 2027 1995 2111 μάχεσθαι
2056 2030 2206 2110 πρὸς
2256 2025 2677 2109 ὡπλισμένους
2724 2028 2830 2090 καὶ

477 2134 690 2196 ὁποῖὸν
714 2155 769 2196 τι
802 2136 871 2196 τὸ
903 2134 1398 2218 κατακεχῶσθαι
1438 2133 1694 2218 βέλεσιν.
1747 2130 2069 2213 Quartum
2103 2130 2299 2195 etiam
2337 2130 2567 2211 locum,
2602 2148 2830 2209 quam-

479 2256 672 2318 quam
734 2256 958 2303 veram
1023 2238 1622 2318 praesumptionem
1691 2256 1826 2302 uon
1890 2236 2205 2316 continet,
2278 2242 2499 2301 tamen
2537 2237 2827 2317 addam,

476 2343 633 2423 qnia
679 2342 771 2408 ibi
821 2342 1101 2409 obiectio
1151 2343 1280 2409 illis
1329 2345 1409 2409 de
1447 2344 1684 2425 quibus
1724 2342 1974 2427 egimus
2014 2342 2241 2407 similis
2281 2348 2519 2408 exstat.
2581 2343 2831 2407 Eodem

477 2449 648 2515 enim
714 2450 934 2531 capite
997 2451 1083 2514 38
1129 2450 1511 2530 Isocratem,
1585 2450 1739 2530 quia
1804 2449 2020 2515 omnia
2084 2467 2329 2532 augere
2375 2448 2677 2527 voluerit,
2746 2450 2831 2513 ad

479 2556 758 2637 puerilia
825 2556 1163 2636 delapsum
1234 2575 1380 2622 esse
1446 2556 1604 2621 dicit
1671 2575 1753 2621 ex
1818 2556 2087 2636 eiusque
2136 2554 2550 2637 Panegyrico
2618 2556 2830 2621 locum

477 2666 803 2743 quendam
853 2662 1076 2729 adfert
1124 2663 1239 2727 ubi
1283 2662 1528 2745 legitur
1576 2667 1831 2728 tantam
1883 2662 2298 2743 eloquentiae
2345 2661 2474 2727 vim
2523 2680 2687 2742 esse,
2756 2668 2831 2727 ut

477 2789 720 2853 magna
765 2770 1078 2848 minuere,
1145 2788 1356 2850 parva
1421 2770 1696 2835 dicendo
1746 2787 2009 2853 augere,
2078 2771 2157 2834 de
2226 2768 2459 2850 priscis
2507 2788 2698 2845 now,
2750 2771 2831 2834 de

474 2876 852 2942 recentibus
901 2876 1172 2956 antiquo
1221 2877 1407 2941 modo
1457 2876 1674 2941 dicere
1722 2877 1949 2957 possit.
2025 2876 2187 2940 'Puni
2226 2875 2545 2941 Isocratis
2592 2878 2829 2941 adver-

480 2983 726 3049 sarium
772 2981 982 3065 fingit,
1035 2985 1156 3047 sub
1206 2983 1390 3047 cuius
1438 3001 1724 3063 persona
1768 2983 1913 3064 ipse
1959 2983 2145 3061 latet,
2195 3000 2469 3062 eumque
2516 2986 2696 3069 φήσει
2744 3008 2831 3061 τις

480 3088 763 3155 formula
800 3108 958 3153 usus
990 3089 1154 3153 haec
1185 3088 1470 3154 Isocrati
1501 3089 1889 3154 obicientem
1922 3088 2117 3154 facit:
2170 3093 2413 3172 οὐκοῦν,
2462 3088 2828 3176 Ἰσὸκρατες,

482 3202 673 3275 οὕτως
723 3198 964 3284 μέλλεις
1011 3200 1116 3262 καὶ
1154 3190 1232 3261 τὰ
1275 3201 1411 3282 περὶ
1443 3197 1949 3282 Λακεδαιμονίων
1994 3200 2099 3261 καὶ
2136 3194 2489 3282 Ἀθηναίων
2536 3199 2830 3263 ἐναλλάτ-

471 3326 630 3385 τειν;
680 3304 847 3368 Tum
878 3302 1330 3369 adversarium
1371 3304 1601 3368 laudat
1639 3303 1813 3383 quod
1852 3321 1930 3367 ea
1966 3302 2253 3367 Isocrati
2290 3300 2636 3383 obiecerit3
2686 3304 2753 3367 Is
2768 3322 2829 3366 J-

481 3414 728 3475 cratem
775 3409 944 3474 enim
996 3408 1126 3474 illis
1171 3409 1392 3476 verbis
1439 3409 1776 3475 auditores
1822 3408 2164 3473 adhortari
2208 3415 2281 3473 ut
2328 3407 2453 3473 sibi
2498 3406 2826 3476 diffidant.

478 3517 666 3582 Haec
711 3516 915 3581 habui
961 3534 1129 3596 quae
1178 3517 1258 3581 de
1305 3514 1861 3596 praesumptionis
1906 3515 2119 3595 figura
2167 3514 2464 3580 dicerem.

659 3623 952 3688 Tertium
1015 3641 1222 3705 genus
1269 3622 1625 3705 figurarum
1675 3621 2155 3712 sententiarum
2199 3621 2377 3686 inter
2423 3621 2552 3686 alia
2610 3622 2828 3687 anti-

478 3730 760 3797 thesim
817 3729 923 3796 vel
979 3729 1502 3810 contrapositum
1557 3729 1684 3794 vel.
1725 3727 2205 3809 oppositionem
2254 3732 2321 3793 et
2384 3727 2661 3792 ironiam
2724 3728 2831 3794 vel

479 3836 962 3901 simulationem
1023 3837 1126 3902 vel
1187 3835 1552 3901 illusionem
1615 3834 1929 3899 continet.
2024 3834 2152 3900 Sed
2208 3840 2561 3913 antequam
2622 3836 2701 3900 de
2747 3828 2829 3900 iis

483 3944 736 4007 duabus
795 3941 1022 4025 figuris
1078 3942 1440 4023 loquamur,
1505 3941 1889 4007 confitemur
1950 3960 2069 4006 nos
2116 3959 2251 4005 non
2298 3940 2513 4005 omnia
2560 3947 2828 4006 contra-

483 4048 704 4129 posita
741 4048 1085 4131 collegisse
1117 4086 1202 4094 —
1241 4048 1309 4113 id
1346 4049 1519 4129 quod
1558 4049 1825 4131 longum
1872 4055 2017 4113 erat
2054 4086 2159 4128 ——,
2212 4066 2600 4128 quamquam
2640 4046 2829 4115 nobis

483 4154 778 4221 videmur
839 4155 1002 4219 satis
1051 4174 1274 4221 eorum
1322 4157 1403 4221 ad
1456 4174 1641 4220 usum
1689 4154 2216 4236 perspiciendum
2264 4153 2639 4221 contulisse.
2730 4154 2829 4219 Ac

484 4261 760 4342 primum
807 4261 1063 4340 quidem
1110 4263 1190 4326 de
1237 4281 1444 4343 parvo
1495 4281 1762 4327 numero
1812 4280 2036 4326 earum
2084 4260 2513 4326 antithesium
2558 4279 2829 4343 agamus

479 4368 719 4447 quibus
753 4368 1013 4451 singula
1037 4370 1361 4434 vocabula
1390 4368 1568 4434 inter
1600 4388 1670 4434 se
1705 4372 2148 4449 opponuntur.
2198 4368 2277 4433 In
2308 4366 2389 4431 iis
2424 4367 2829 4448 opponendis

2440 4492 2474 4544 3
