3417 5059
15 1340 47 1411 ’11

1478 410 1876 473 -9-

495 604 648 685 ipsa
700 604 1152 688 magnitudine
1212 604 1410 669 animi
1468 610 1535 669 et
1583 606 1662 669 de
1712 604 2115 669 sublimitate
2164 604 2483 669 orationis
2533 608 2743 687 agunt
2790 612 2859 669 et

499 713 824 791 quomodo
862 711 933 789 in
972 711 1168 776 talem
1209 709 1408 776 animi
1447 715 1694 775 statum
1735 711 2081 791 pervenire
2119 709 2443 791 possimus
2484 712 2857 776 ostendunt.

503 815 684 898 Quas
733 817 788 882 si
836 818 980 897 quis
1029 816 1526 898 examinaverit,
1577 817 1863 898 aliquam
1902 816 2415 899 magnitudinem
2464 834 2545 881 ex
2589 816 2671 881 iis
2721 816 2857 881 elu-

497 942 651 989 cere
699 925 1034 1003 solumque
1082 942 1226 988 eum
1275 923 1385 1003 qui
1432 942 1668 1006 magno
1718 922 1933 988 animo
1983 924 2069 987 sit
2116 923 2281 987 talia
2330 923 2615 988 scribere
2664 942 2858 1003 posse

495 1035 682 1095 certe
748 1032 1078 1095 concedet.
1181 1032 1250 1095 Id
1316 1034 1534 1095 autem
1601 1034 1835 1094 auctor
1898 1047 2054 1095 vere
2118 1048 2423 1112 magnum
2490 1048 2634 1095 esse
2698 1027 2859 1095 dicit

497 1137 632 1221 (10,
688 1138 792 1218 10)
842 1138 1033 1217 quod,
1097 1142 1223 1216 quo
1282 1136 1529 1201 diutius
1591 1134 2065 1213 consideretur,
2130 1152 2205 1199 eo
2265 1134 2597 1201 difficilius
2658 1141 2859 1216 atque

498 1244 666 1308 adeo
734 1242 993 1308 omnino
1060 1261 1190 1307 non
1258 1260 1339 1307 ex
1405 1241 1620 1306 animo
1679 1240 1920 1306 dimitti
1968 1240 2214 1321 possit3
2283 1240 2423 1316 eius
2485 1242 2857 1308 memoriam

500 1349 910 1414 indelebilem
951 1354 1017 1414 et
1055 1348 1462 1430 pertinacem
1500 1366 1677 1428 esse;
1727 1346 1905 1411 illam
1944 1365 2090 1412 esse
2128 1365 2351 1414 veram
2390 1347 2857 1413 sublimitatem

509 1475 678 1535 quae
717 1464 785 1521 et
825 1474 1081 1536 semper
1119 1461 1188 1519 et
1227 1454 1524 1520 omnibus
1559 1456 1896 1534 probetur.
1990 1452 2176 1534 Quae
2224 1453 2595 1518 sententiae
2634 1473 2859 1533 quam-
2950 1545 2959 1550 η

502 1582 696 1641 quam
755 1562 962 1643 primo
1024 1562 1167 1627 loco
1226 1562 1304 1625 de
1363 1560 1768 1626 sublimitate
1825 1558 2145 1624 orationis
2194 1559 2412 1624 dictae
2460 1564 2635 1640 sunt,
2698 1559 2857 1624 nihil

501 1673 721 1733 tamen
783 1668 1056 1749 impedit
1101 1666 1444 1747 quominus
1492 1666 1693 1731 etiam
1741 1668 1825 1731 ad
1873 1665 2073 1731 animi
2119 1665 2634 1749 magnitudinem
2680 1665 2857 1731 refe-

499 1781 752 1839 rantur.

679 1880 1104 1963 Quantopere
1174 1885 1392 1944 autem
1465 1878 1664 1943 animi
1734 1878 1945 1944 nostri
2014 1879 2399 1945 sublimibus
2473 1879 2857 1961 magnisque

493 1988 698 2051 rebus
747 1991 813 2050 et
863 1985 1213 2051 sententiis
1261 1986 1674 2051 delectentur
1721 1991 1789 2050 et
1836 1985 2193 2051 efferantur
2232 1992 2299 2051 et
2338 1990 2655 2066 quantum
2693 2000 2856 2069 gau-·

495 2092 674 2157 dium
731 2112 812 2157 ex
870 2092 952 2157 iis
1014 2092 1302 2173 capiant,
1367 2091 1655 2172 pulchris
1703 2091 1924 2158 verbis
1982 2094 2066 2157 ab
2114 2111 2439 2174 anonymo
2488 2091 2856 2173 exponitur.

498 2199 658 2263 Cum
718 2198 950 2281 negari
1011 2217 1142 2262 non
1202 2198 1414 2279 possit
1461 2236 1545 2244 —-
1592 2198 1689 2262 ita
1758 2198 1897 2262 fere
1962 2198 2400 2291 ratiocinatur
2460 2198 2592 2283 (55,
2661 2200 2723 2279 7)
2770 2233 2855 2245 ——

494 2324 644 2370 esse
693 2305 1050 2385 scriptores
1099 2305 1204 2385 qui
1256 2303 1598 2387 diligentia
1644 2304 1711 2367 in
1761 2304 1981 2369 multis
2029 2306 2226 2369 rebus
2275 2303 2578 2386 neglecta
2616 2323 2856 2387 magna

501 2411 847 2476 consecuti
895 2411 1030 2475 sint
1079 2417 1144 2475 et
1191 2410 1413 2494 magni
1461 2410 1912 2486 aestimentur,
1972 2428 2084 2474 eos
2131 2409 2199 2476 id
2245 2410 2651 2491 spectavisse
2701 2410 2859 2475 dicit

496 2523 825 2596 naturam,
876 2537 1044 2597 quae
1091 2537 1212 2582 nos
1249 2516 1516 2581 humilia
1556 2521 1623 2581 et
1660 2516 1977 2599 ignobilia
2016 2516 2325 2581 animalia
2365 2536 2509 2582 esse
2548 2516 2853 2598 noluerit,

495 2624 826 2689 mentibus
881 2624 1128 2689 nostris
1189 2623 1506 2688 invictum
1565 2622 1772 2687 omnis
1829 2622 2303 2705 magnitudinis
2352 2622 2639 2688 studium
2686 2624 2855 2688 inse-

497 2730 694 2795 visse.
816 2731 1042 2810 Neque
1116 2730 1322 2813 igitur
1394 2730 1771 2795 universum
1845 2730 2149 2793 mundum
2216 2727 2459 2793 homini
2525 2728 2851 2809 sufficere,

501 2856 722 2901 verum
773 2856 972 2917 saepe
1020 2837 1158 2902 eius
1207 2842 1484 2901 mentem
1527 2841 1720 2900 extra
1757 2834 1981 2900 mundi
2027 2835 2341 2899 terminos
2390 2835 2629 2917 egredi.
2722 2835 2854 2899 Ne-

499 2944 733 3007 minem
791 2943 846 3007 si
902 2944 1048 3023 quis
1110 2962 1356 3007 omnem
1406 2942 1610 3008 vitam
1667 2941 2155 3021 circumspiciat
2215 2942 2445 3023 fugere
2493 2960 2686 3021 posse
2734 2960 2854 3006 nos

497 3050 584 3113 ad
649 3068 888 3131 magna
954 3057 1150 3114 natos
1215 3068 1378 3114 esse.
1487 3047 2004 3139 Admirationem
2070 3054 2365 3113 nostram
2431 3067 2562 3112 non
2629 3048 2855 3128 parvis

500 3156 716 3234 rebuS,
783 3156 897 3220 sed
967 3155 1222 3238 magnis
1289 3154 1694 3219 commoveri.
1819 3152 2029 3235 Quam
2100 3156 2181 3218 cb
2246 3173 2382 3218 rem
2448 3173 2576 3218 non
2644 3172 2855 3233 parva

497 3260 766 3326 flumina
815 3262 1108 3341 quamvis
1163 3261 1489 3342 pellucida
1537 3260 1673 3326 sint
1722 3266 1789 3325 et
1849 3259 2056 3339 utilia,
2122 3262 2237 3325 sed
2292 3260 2526 3339 Nilum,
2589 3260 2852 3340 Istrum,

499 3368 819 3446 Rhenum,
885 3375 1039 3432 ante
1089 3368 1304 3432 omnia
1353 3368 1687 3433 Oceanum
1737 3365 2148 3431 admirabilia
2195 3366 2385 3431 nobis
2432 3366 2672 3444 videri3
2736 3365 2854 3432 mi-

499 3492 757 3553 nusque
805 3479 1084 3538 mentem
1122 3480 1420 3539 nostram
1458 3493 1668 3555 parva
1704 3474 1965 3539 flamma
2012 3492 2051 3537 a
2100 3471 2288 3537 nobis
2334 3490 2616 3537 accensa
2663 3491 2857 3551 quam

501 3580 792 3645 aeternis
855 3580 1021 3644 caeli
1082 3580 1404 3646 sideribus
1465 3580 1787 3645 concitari
1835 3584 1953 3644 aut
2002 3580 2259 3643 Aetnae
2320 3577 2709 3659 crateribUS,
2776 3597 2857 3642 ex

497 3687 734 3766 quibus
797 3705 996 3767 rupes
1057 3690 1127 3750 et
1181 3686 1424 3769 integri
1481 3686 1680 3751 colles
1730 3686 2055 3750 eiciantur
2102 3689 2172 3748 et
2214 3684 2543 3749 interdum
2589 3684 2856 3749 flumina

497 3792 670 3875 ignis
746 3792 1122 3874 terrigenae
1191 3793 1540 3873 profluant.
1655 3793 1919 3872 Itaque,
1994 3792 2166 3871 quod
2240 3790 2322 3855 ad
2390 3788 2855 3855 sublimitatem

499 3898 804 3979 attineat,
865 3898 1140 3979 primum
1189 3918 1410 3964 omnes
1457 3899 1602 3963 illos
1651 3898 1831 3965 viros
1879 3916 2267 3977 quamquam
2314 3896 2494 3962 vitiis
2541 3897 2855 3961 immunes

499 4024 630 4081 non
671 4004 922 4069 fuerint
961 4011 1183 4070 tamen
1225 4024 1474 4071 omnem
1513 4006 1770 4070 modum
1809 4006 2161 4069 humanum
2199 4003 2580 4084 excessisse,
2623 4002 2855 4067 deinde

499 4110 649 4175 aliis
710 4112 906 4176 rebus
965 4112 1311 4176 humanam
1372 4118 1679 4177 naturam
1742 4130 1963 4177 eorum
2021 4110 2131 4190 qui
2187 4110 2268 4175 iis
2325 4114 2602 4175 utantur
2657 4108 2855 4174 facile

497 4216 778 4298 ostendi,
843 4236 986 4282 cum
1043 4218 1155 4297 qui
1214 4217 1603 4282 sublimitati
1677 4217 1993 4282 studeant
2052 4217 2139 4281 ad
2198 4218 2463 4281 deorum
2524 4214 2853 4297 magnitu-

497 4322 710 4388 dinem
785 4323 1164 4400 efferantur,
1235 4323 1512 4407 denique
1575 4342 1719 4387 cum
1779 4322 2157 4387 immunitas
2214 4322 2523 4387 vitiorum
2582 4339 2623 4383 a
2678 4320 2854 4386 vitu—

499 4429 841 4509 peratione
888 4429 1096 4495 libera
1145 4429 1252 4510 sit,
1304 4429 1757 4513 magnitudine
1806 4426 2305 4495 admirationem
2346 4426 2538 4492 effici.
2630 4427 2856 4506 Neque
