3417 5059
1285 306 1865 375 .—79-

468 502 704 585 longus
743 500 882 593 ,sim
936 518 1104 566 neve
1151 480 1368 565 omnia
1415 518 1583 579 quae
1631 499 1919 581 scriptor
1964 500 2237 581 pulchre
2282 500 2611 581 expressit
2658 500 2817 567 meis

468 608 688 676 verbis
727 605 1272 686 circumscribam,
1308 625 1522 687 pauca
1559 606 1858 687 exempla
1895 606 2081 673 varie
2113 611 2413 671 tractata
2442 606 2583 671 sine
2614 606 2817 687 expli-

469 714 734 781 catione
778 714 846 779 in
895 712 1104 779 medio
1152 732 1408 793 ponam.

1057 837 2233 919 Capw12ex—Cap.11‚4ex

469 952 649 1024 αὐτὸς
683 984 769 991 -
804 948 1022 1031 μέρους
1057 946 1180 1029 ὡς
1203 982 1292 989 ——
1315 944 1623 1031 καθηκειξ
1648 968 1964 1030 συνεπικρι
1966 956 2086 1023 νεῖς
2134 946 2568 1031 ἀληθέστατα
2594 944 2636 1008 3

468 1052 536 1119 εὖ
582 1057 702 1138 γάρ
736 1090 824 1097 -
857 1051 1368 1137 ἀποφηνάμενος
1401 1052 1565 1116 τί-
1588 1055 1835 1137 ἔχοιμεν
1869 1048 1873 1136 Ι
1908 1052 2366 1137 εὐεργεσίαν-
2392 1053 2701 1136 ἀλήθειαν
2731 1048 2745 1138 Ι
2777 1051 2817 1114 3

465 1161 722 1245 γράφων
747 1196 829 1204 -
857 1156 1266 1245 ἐπιστήμονα’
1261 1179 1266 1243 Ι
1291 1161 1514 1245 σχεδὸν
1538 1196 1625 1203 —
1645 1159 2185 1244 προυποτίθεσθαι
2212 1156 2216 1242 Ι
2244 1159 2282 1220 2

467 1268 551 1342 ὡς
571 1304 655 1310 ——
677 1268 803 1351 ὕψη
829 1262 836 1349 Ι
859 1269 965 1329 καὶ
995 1303 1076 1309 —-
1101 1265 1495 1350 ἐπρώτευσαν
1521 1295 1524 1308 ·
1550 1268 1656 1329 καὶ
1680 1302 1768 1308 ——
1792 1266 1987 1329 αἰῶνα
2007 1258 2021 1351 Ι
2042 1264 2083 1326 3

467 1376 537 1437 οὐ
558 1377 677 1458 γὰρ
699 1410 782 1417 ———
811 1376 1094 1458 ὑπερφυᾶ
1117 1370 1123 1457 Ι
1148 1374 1345 1457 πάντη
1367 1408 1452 1417 -
1474 1374 1827 1457 θαυμάσιον
1851 1368 1855 1455 Ι
1877 1372 1917 1433 2

463 1483 590 1565 εἴγε
613 1493 702 1523 -’
725 1478 822 1565 ἐφ’
867 1482 1010 1565 ἡμῖν
1031 1491 1249 1558 ,ταῦτα
1273 1515 1360 1523 -
1384 1462 1811 1565 προσφέροντα
1827 1473 1841 1565 Ι
1856 1482 2082 1555 παντὸς
2106 1516 2191 1522 ——
2218 1478 2595 1544 καθίσταται
2616 1474 2631 1565 Ι
2655 1479 2695 1542 3

466 1590 570 1651 καί
595 1624 681 1631 -
707 1586 1057 1670 οἰκονομίαν
1081 1581 1090 1671 Ι
1115 1582 1242 1649 οὐδ’
1265 1620 1353 1629 -·
1378 1586 1543 1651 δυοῖν
1565 1581 1570 1668 Ι
1590 1586 1664 1649 ἐκ
1711 1586 1779 1648 δὲ
1804 1621 1891 1629 -
1917 1586 2155 1669 ὁρῶμεν
2202 1584 2243 1648 3

465 1695 620 1778 ὕψος
643 1729 727 1737 -
754 1694 1083 1778 ἐξενεχθὲν
1105 1690 1109 1764 Ι
1130 1693 1206 1755 τά
1224 1714 1290 1755 τε
1317 1728 1402 1735 —-
1426 1692 1787 1775 διεφόρησεν
1809 1688 1813 1724 ¹
1835 1694 1939 1755 καὶ
1988 1695 2098 1775 τὴν
2122 1728 2209 1735 --
2230 1693 2481 1777 δύναμιν
2503 1686 2534 1778 ΙΙ
2557 1692 2597 1755 3

465 1812 661 1863 ταῦτα
693 1835 772 1843 -
797 1799 1146 1884 ὑφηγήσαιο
1169 1793 1202 1883 ΙΙ
1227 1797 1283 1860 1.

1338 1898 1938 1990 3323Ι23Ι33Ι1.

1495 2027 1650 2107 Cap.
1699 2028 1787 2092 II.

465 2138 606 2221 ἡμῖν
629 2172 715 2179 -
741 2139 902 2221 ἀρχῇ
926 2132 930 2214 Ι
951 2138 1003 2199 εἰ
1027 2172 1113 2179 ——
1138 2136 1322 2223 τέχνη
1347 2175 1350 2219 Ι
1373 2136 1411 2197 2

465 2242 598 2306 ἐπεί
642 2264 798 2318 τινες
821 2278 909 2286 —
933 2244 1355 2327 διηπατῆσθαι
1377 2240 1381 2290 Ι
1401 2246 1542 2318 τοὺς
1565 2279 1652 2287 -
1677 2244 2167 2329 παραγγέλματα
2216 2243 2255 2304 2

463 2360 746 2434 γεννᾶται
771 2386 859 2391 -
883 2351 1246 2434 μεγαλοφυῆ
1268 2346 1272 2430 Ι
1294 2351 1398 2413 καί
1425 2385 1512 2393 -
1535 2349 1763 2434 γίνεται
1784 2344 1790 2433 Ι
1811 2352 1915 2412 καί
1939 2386 2026 2392 —
2050 2350 2389 2433 πεφυκέναι
2411 2420 2415 2429 Ι
2438 2349 2477 2410 3

463 2455 650 2540 χείρω
663 2491 751 2498 -
762 2458 986 2520 οἴονται
1001 2452 1122 2530 Ικαί
1133 2492 1221 2498 -
1233 2455 1642 2519 καθίστανται
1656 2452 1660 2512 Ι
1672 2464 1803 2531 ταῖς
1813 2492 1899 2498 -
1912 2456 2563 2541 κατασκελετευομενα
2575 2450 2589 2543 Ι
2607 2454 2647 2519 3
2660 2492 2712 2509 =
2728 2455 2808 2519 10

464 2562 588 2647 ἐγὼ
614 2598 700 2605 -
725 2562 880 2647 φημί
900 2558 904 2646 Ι
926 2564 978 2625 εἰ
1002 2598 1088 2605 ·-—
1114 2563 1291 2646 φὺσις
1313 2558 1317 2645 Ι
1340 2561 1378 2622 2

465 2671 674 2753 ὥσπερ
694 2705 783 2712 ——
806 2672 1143 2754 αὐτόνομον
1166 2666 1170 2746 Ι
1194 2673 1386 2744 οὕτως
1408 2706 1496 2711 -
1522 2670 1708 2753 φιλεῖΙ
1733 2668 1771 2729 2

465 2778 570 2838 καί
604 2778 693 2839 ὅτι
708 2812 795 2819 —
811 2776 1156 2861 ὑφέστηκεν
1178 2774 1182 2859 Ι
1204 2779 1311 2850 τὰς
1330 2811 1417 2818 -
1437 2778 1651 2859 καιρὸν
1672 2770 1676 2859 Ι
1699 2778 1785 2839 ἔτι
1804 2812 1885 2819 —
1903 2787 2121 2860 χρῆσιν
2138 2772 2143 2861 Ι
2162 2777 2339 2861 ἱκανὴ
2357 2812 2443 2819 ——
2461 2777 2729 2861 μέθοδος
2747 2774 2809 2845 4

465 2884 570 2944 καὶ
619 2882 702 2957 ὡς
725 2918 814 2925 -
836 2886 915 2945 τὰ
961 2883 1202 2967 μεγάλα
1223 2878 1228 2904 ¹
1249 2883 1348 2945 ἐπὶ
1370 2919 1458 2924 -
1482 2882 1815 2967 λειπόμενα
1864 2882 1902 2943 2
1924 2914 1977 2930 -z
2000 2879 2083 2943 10

466 2989 561 3051 δεῖ
577 3024 663 3031 -
689 2990 991 3063 πολλάκις
1013 2986 1017 3063 Ι
1039 2980 1198 3051 οὕτω
1223 3024 1310 3031 -
1334 2988 1591 3072 χαλινοῦ
1614 3006 1617 3064 3
1641 2988 1679 3049 2

467 3096 615 3178 ὅπερ
641 3131 726 3137 -
751 3094 882 3179 βίου
905 3090 909 3159 Ι
931 3094 1215 3178 μέγιστον
1245 3130 1318 3139 -
1350 3097 1626 3179 εὐτυχεῖν
1647 3090 1650 3130 ²
1673 3096 1955 3180 δεύτερον
1982 3130 2064 3139 -
2092 3096 2502 3180 βουλεύεσθαι
2526 3100 2700 3182 -ὅπερ
2729 3132 2811 3139 -

788 3201 1054 3285 θάτερον
1074 3195 1088 3285 Ι
1110 3199 1150 3261 4

465 3304 627 3369 τοῦτ’
685 3310 757 3370 ἂν
791 3343 876 3349 -
910 3308 1179 3391 εἴποιμεν
1201 3315 1204 3381 Ι
1227 3308 1310 3382 ὡς
1343 3344 1431 3351 —-
1464 3308 1670 3393 ἐπέχει
1693 3304 1697 3391 Ι
1717 3310 1757 3393 ἡ
1795 3307 1981 3393 τέχνη
2016 3345 2102 3351 -
2136 3308 2454 3393 εὐβουλίας
2475 3304 2479 3393 Ι
2500 3312 2569 3373 τὸ
2626 3312 2692 3373 δὲ
2726 3346 2812 3353 —-

786 3415 881 3476 δεῖ
896 3407 927 3499 ΙΙ
950 3412 989 3474 4
1012 3444 1066 3463 2
1090 3410 1172 3474 10

465 3520 518 3582 εἰ
564 3519 750 3583 ταῦθ’
778 3556 865 3562 —
889 3522 1179 3604 ἐπιτιμῶν
1228 3524 1344 3584 οὺκ
1365 3558 1453 3563 -
1479 3520 1751 3605 θεωρίαν
1773 3515 1805 3607 ΙΙΙ
1828 3520 1867 3582 2

1128 3655 1131 3658 ’
1214 3626 1297 3688 22
1346 3622 1576 3711 33Ι22
1625 3624 1812 3712 42Ι2
1862 3621 2063 3713 44Ι2.

1242 3750 1398 3828 Cap.
1442 3749 1631 3831 XIII,
1680 3749 1720 3812 2
1747 3788 1834 3796 -
1858 3750 2035 3815 XIV.

641 3853 863 3920 Etiam
911 3854 1346 3921 imitationem
1383 3873 1769 3937 magnorum
1807 3856 2199 3935 scriptorum
2238 3863 2306 3921 et
2345 3862 2688 3938 poetanun
2728 3856 2809 3920 ad

466 3959 931 4025 sublimitatem
979 3962 1245 4027 ducere:
1305 3936 1464 4027 33:
1484 3964 1541 4026 6.

643 4066 1075 4132 Inflammatio
1139 4067 1539 4133 imitantium
1596 4086 1742 4131 cum
1798 4066 2023 4134 divina
2087 4068 2474 4133 incitatione
2532 4068 2814 4150 Pythiae

467 4180 911 4253 comparatur:
963 4173 1002 4237 3
1053 4174 1232 4258 (222)
1282 4176 1322 4240 3
1341 4208 1395 4226 z
1415 4177 1472 4239 6.

641 4278 963 4359 Exempla
1010 4298 1232 4346 eorum
1279 4280 1390 4361 qui
1435 4282 1790 4347 Homerum
1838 4280 2080 4347 imitati
2127 4288 2313 4347 sunt:
2364 4284 2404 4346 4
2437 4284 2476 4347 2
2512 4311 2594 4339 z
2629 4283 2688 4348 6.
