3417 5059
1421 438 1864 500 ,11—

464 636 812 699 verborum
869 652 1038 713 quae
1083 632 1410 698 Hesiodus
1461 633 1540 697 de
1591 628 1935 696 fructuosa
1984 630 2405 697 contentione
2449 631 2629 711 fecit,
2676 650 2817 696 cer-

467 736 687 805 tamen
753 740 831 804 de
897 740 1272 820 principatu
1338 737 1636 803 omnibus
1683 738 1937 804 viribus
1990 738 2358 821 ingreditur
2414 738 2587 817 quod
2641 737 2817 803 inter

467 847 810 911 Platonem
858 854 926 909 et
972 846 1324 910 Homerum
1375 842 1582 909 fuisse
1628 844 1771 925 ipse
1818 844 1979 909 dicit
2028 845 2157 928 (26,
2211 846 2340 931 15).

644 952 1052 1018 Gravissima
1100 970 1256 1017 vero
1314 956 1382 1015 et
1438 950 1966 1015 consideratione
2014 950 2397 1033 dignissima
2445 954 2601 1033 sunt
2648 970 2817 1031 quae

467 1063 698 1125 auctor
764 1063 1112 1139 praeterea
1177 1059 1258 1123 de
1322 1056 1690 1122 imitatione
1750 1075 2131 1139 magnorum
2194 1057 2586 1137 scriptorum
2644 1056 2819 1122 dicit.

465 1167 692 1231 Monet
739 1184 858 1229 nos
906 1168 1034 1247 (27,
1089 1167 1150 1246 1)
1199 1170 1274 1229 ut
1318 1164 1494 1228 inter
1541 1162 1955 1228 scribendum
2004 1164 2217 1227 animo
2264 1163 2606 1247 fingamus,
2658 1182 2818 1244 quo-

463 1273 652 1337 modo
699 1272 1054 1337 Homerum
1101 1276 1220 1335 aut
1266 1272 1608 1336 Platonem
1667 1273 1785 1333 aut
1831 1270 2337 1335 Demosthenem
2392 1275 2509 1335 aut
2557 1270 2818 1352 Thucy·
2887 1324 2890 1327 .

466 1378 678 1443 didem
716 1398 794 1443 ea
833 1397 1002 1458 quae
1050 1377 1412 1443 scribamus
1452 1394 1883 1455 expressuros
1923 1375 2131 1441 fuisse
2170 1382 2490 1457 putemus,
2582 1376 2821 1441 Maiori

465 1484 743 1549 utilitati
803 1504 946 1549 eam
1008 1482 1598 1548 considerationem
1661 1481 1803 1547 fore
1870 1501 1999 1562 qua
2058 1482 2536 1565 interrogaturi
2598 1483 2817 1561 simus

465 1610 592 1670 quo
660 1591 874 1657 animo
935 1592 1260 1655 Homerus
1326 1590 1803 1654 Demosthenes
1873 1588 2003 1669 alii,
2074 1588 2127 1653 si
2190 1589 2519 1671 adessent,
2589 1595 2820 1654 nostra

465 1700 670 1763 verba
738 1696 1029 1762 audituri
1093 1701 1332 1762 essent.
1443 1696 1547 1760 Ad
1611 1714 1925 1759 summam
1988 1714 2145 1760 vero
2210 1696 2687 1761 absolutionem
2754 1700 2822 1759 et

467 1802 941 1883 perfectionem
976 1822 1094 1867 nos
1126 1807 1444 1868 venturos
1477 1820 1642 1881 esse,
1693 1801 1750 1865 si
1784 1800 2143 1884 cogitaturi
2177 1801 2395 1883 simus,
2439 1821 2570 1881 quo
2602 1801 2815 1866 animo

465 1909 716 1989 posteri
764 1928 842 1973 ea
891 1928 1058 1989 quae
1106 1907 1580 1989 prodiderimus
1626 1908 1862 1973 lecturi
1912 1908 2060 1973 sint.

644 2015 894 2097 Quibus
932 2009 1308 2095 praeceptis
1347 2033 1477 2079 non
1509 2015 1697 2079 modo
1738 2014 2059 2095 subtilem,
2102 2014 2213 2094 qui
2252 2034 2321 2080 se
2357 2014 2499 2095 ipse
2538 2014 2817 2093 noverit,

470 2140 688 2187 verum
751 2122 950 2190 etiam
1011 2121 1345 2187 sublimem
1405 2120 1688 2186 animum
1747 2121 2005 2185 ostendi
2060 2121 2355 2201 equidem
2412 2139 2542 2186 non
2592 2120 2818 2186 dubito

467 2229 880 2293 contendere.
971 2229 1210 2308 Itaque
1255 2228 1448 2292 huius
1495 2227 1708 2308 partis
1756 2227 2243 2291 dissertationis
2304 2227 2493 2292 finem
2549 2227 2679 2292 iam
2736 2226 2818 2291 iis

469 2334 709 2399 faciam
770 2340 846 2399 ut
906 2334 1116 2399 dicam
1167 2334 1589 2399 sublimitatis
1636 2333 2063 2413 interpretem
2122 2334 2407 2398 animum
2464 2335 2549 2398 ad
2594 2352 2819 2399 veram

465 2441 978 2524 magnitudinem
1047 2442 1428 2521 provexisse
1488 2447 1977 2521 praeceptaque
2041 2459 2209 2520 quae
2278 2440 2486 2521 primo
2534 2441 2677 2504 loco
2738 2440 2819 2504 de

467 2548 875 2613 sublimitate
923 2547 1198 2626 dederit,
1248 2547 1461 2627 ipsum
1511 2546 1754 2627 optime
1804 2553 2098 2611 secutum
2148 2566 2308 2612 esse.

1589 2723 1694 2789 ΙΙ.

643 2850 1018 2915 Proximum
1085 2847 1506 2915 sublimitatis
1577 2848 1829 2913 fontem
1900 2848 2557 2931 Pseudo-Longinus
2622 2849 2819 2913 vehe-

466 2964 748 3024 mentem
787 2964 985 3047 atque
1023 2956 1368 3021 incitatum
1409 2954 1746 3020 adfectum
1778 2973 1923 3019 esse
1962 2954 2138 3019 dicit.
2232 2956 2397 3021 Sunt
2436 2954 2547 3035 qui
2584 2960 2821 3035 putent

468 3085 613 3131 eum
675 3064 924 3129 fontem
986 3063 1053 3127 in
1116 3082 1192 3128 eo
1253 3062 1470 3127 libello
1529 3064 1610 3127 de
1677 3081 1805 3141 quo
1863 3061 2119 3144 agimus
2177 3062 2436 3127 omnino
2492 3082 2623 3127 non
2684 3069 2821 3126 tra-

470 3178 719 3237 ctatum
767 3155 929 3247 esse,
981 3171 1096 3235 sed
1143 3174 1478 3235 auctorem
1525 3168 1652 3234 alio
1701 3168 1867 3233 libro
1915 3167 1983 3232 in
2017 3187 2159 3232 eam
2206 3186 2341 3232 rem
2388 3167 2822 3248 inquisivisse.

471 3278 720 3361 Quibus
777 3276 1073 3357 equidem
1140 3274 1451 3341 assentiri
1511 3293 1642 3339 non
1705 3293 1991 3354 possum,
2057 3276 2171 3339 sed
2233 3274 2514 3338 Vahleni
2573 3274 2821 3339 indices

468 3384 864 3467 marginales
925 3402 1088 3463 quos
1149 3382 1218 3446 in
1275 3380 1563 3447 editione
1625 3380 1849 3461 posuit
1906 3386 2174 3445 secutus
2223 3380 2361 3445 eius
2410 3380 2648 3461 capitis
2693 3380 2821 3445 ini-

469 3492 629 3557 tium
686 3491 939 3571 quidem
1005 3508 1150 3554 cum
1210 3490 1464 3554 duobus
1520 3486 1807 3552 Parisini
1871 3486 2048 3551 foliis
2110 3486 2437 3567 amissum,
2506 3486 2820 3567 reliquam

467 3617 623 3664 vero
672 3601 927 3677 partem
977 3599 1438 3661 conservatam
1485 3612 1629 3659 esse
1677 3599 1855 3675 put0.
1949 3592 2137 3675 Quod
2177 3600 2379 3673 caput
2418 3598 2554 3657 tres
2593 3600 2821 3673 partes

468 3704 730 3770 videtur
779 3700 1200 3782 continuisse,
1252 3719 1446 3765 unam
1493 3702 1574 3765 de
1622 3700 1900 3765 diversis
1949 3700 2251 3764 adfectus
2300 3699 2668 3781 generibus,
2726 3700 2821 3764 al-

468 3815 676 3875 teram
715 3811 796 3874 de
833 3808 1201 3873 imitatione
1239 3826 1618 3889 magnorum
1659 3806 1966 3886 virorum,
2018 3804 2285 3869 tertiam
2333 3806 2412 3869 de
2451 3806 2820 3885 phantasia.

643 3917 743 3980 Ac
804 3914 1052 3995 primae
1113 3913 1370 3993 quidem
1429 3911 1640 3993 partis
1701 3911 2052 3977 sententiis
2100 3931 2269 3992 quae
2316 3910 2515 3977 etiam
2562 3917 2822 3977 restant

468 4024 596 4087 duo
645 4020 1024 4087 adfectuum
1083 4038 1326 4103 genera
1381 4018 1556 4084 inter
1618 4038 1690 4084 se
1738 4025 2178 4099 opponuntur,
2238 4038 2381 4083 cum
2439 4021 2519 4084 de
2568 4018 2823 4083 Cicero-

440 4129 670 4192 -niana
741 4126 1092 4192 latitudine
1170 4137 1238 4191 et
1311 4128 1390 4191 de
1464 4124 1917 4207 magnitudine
1989 4125 2498 4189 Demosthenica
2577 4129 2643 4189 et
2718 4124 2823 4189 cui

469 4252 765 4314 quaeque
824 4234 968 4298 loco
1029 4238 1188 4314 apta
1248 4232 1334 4298 sit
1397 4237 1655 4315 agatur.
1749 4230 1907 4295 Cum
1968 4237 2187 4295 autem
2246 4230 2409 4317 haec
2468 4233 2823 4296 secundum

471 4339 856 4421 scriptorem
915 4342 999 4405 ad
1045 4340 1177 4406 vim
1232 4341 1428 4404 rebus
1487 4338 1855 4403 addendam
1902 4342 1970 4401 et
2018 4336 2383 4401 auditorem
2432 4336 2819 4418 obstupefa-

469 4446 766 4511 ciendum
829 4447 1320 4511 accommodata
1379 4444 1484 4522 sit,
1553 4443 2025 4508 Ciceronianae
2079 4442 2417 4507 latitudini
2474 4442 2658 4508 locus
2718 4449 2821 4507 est
