3417 5059
1625 371 1711 378 -.
1804 332 2068 397 30.—

841 528 944 593 Ea
1010 528 1289 593 imitatio
1357 548 1486 593 non
1555 526 1827 609 furtum,
1896 528 2013 593 sed
2078 546 2395 608 expressa
2476 526 2833 592 formarum
2903 532 3025 592 aut

667 632 1030 717 effigierum
1082 642 1210 699 aut.
1246 654 1513 715 operum
1561 634 1917 699 simih‘tudo
1966 638 2095 699 est:
2150 636 2181 698 1
2223 636 2277 699 1.

844 742 1038 806 Plato
1101 762 1408 825 magnum
1463 739 1752 806 fructum
1814 760 1893 806 ex
1960 740 2328 806 imitatione
2385 740 2673 821 Homeri,
2742 759 3025 821 quocum

667 850 747 913 de
795 848 1172 928 principatu
1219 849 1522 925 certavit,
1574 848 1787 929 cepit:
1842 849 1879 911 2
1914 850 1955 913 4
1990 876 2072 903 :z
2107 850 2163 913 6.

844 954 1119 1019 Hesiodi
1167 955 1573 1027 adhortatio:
1629 957 1683 1019 1.

844 1060 1009 1125 Eius
1059 1061 1435 1126 certaminis
1485 1060 1723 1141 gloria:
1776 1063 1833 1125 2.

843 1204 1080 1281 Itaque
1148 1222 1402 1283 semper
1467 1202 1681 1268 animo
1749 1204 2069 1286 fingamus
2134 1204 2453 1282 quomodo
2533 1221 2701 1283 quae
2779 1202 3023 1267 dicturi

667 1328 890 1374 sumus
928 1329 1202 1391 magnos
1243 1309 1600 1389 scriptores
1641 1308 2045 1383 eadicturos
2082 1310 2288 1374 fuisse
2320 1314 2650 1389 putemus:
2703 1310 2743 1373 3
2770 1310 2809 1373 2
2836 1338 2919 1364 :-
2946 1311 3017 1389 53

666 1419 984 1495 quomodo
1020 1415 1075 1481 si
1107 1417 1418 1481 adessent
1452 1422 1682 1480 nostra
1707 1418 1912 1482 verba
1945 1415 2234 1481 audituri
2266 1403 2649 1481 videantur:
2704 1416 2743 1479 3
2770 1416 2808 1478 2
2838 1444 2917 1471 ;.-
2948 1417 3017 1494 5;

667 1541 791 1601 quo
837 1522 1053 1587 animo
1103 1522 1353 1602 posteri
1399 1541 1478 1586 ea
1525 1522 1765 1586 lecturi
1812 1522 1976 1586 sint:
2029 1523 2069 1586 3
2104 1524 2142 1585 2
2178 1550 2261 1577 -—-
2295 1524 2377 1587 5.·

845 1630 958 1692 33
1051 1630 1164 1693 33
1259 1627 1547 1714 42311
1646 1631 1760 1693 24
1857 1626 2147 1716 12132
2241 1630 2354 1693 32
2449 1630 2579 1693 32.

665 1772 820 1851 Cap.
855 1771 1168 1835 XXXIV.
1217 1735 1994 1851 Demosthenesfcum
2043 1770 2443 1851 Hyperide
2501 1779 3019 1853 comparatur.

665 1896 742 1961 A.
820 1895 889 1959 Si
963 1914 1230 1959 numero
1321 1894 1603 1961 virtutes
1695 1894 2015 1960 orationis
2106 1895 2559 1976 aestimantur,
2646 1896 3020 1978 Hyperides

816 2002 1322 2066 Demosthenem
1373 2011 1674 2081 superat:
1727 2004 1831 2077 52,
1871 2003 1948 2064 11
1985 2042 2071 2047 --
2104 2003 2207 2082 54,
2247 2005 2303 2067 7.
2759 2082 2763 2085 Α

799 2110 845 2172 Ι.
901 2107 1221 2173 Universe
1258 2108 1631 2189 Hyperides
1664 2109 2169 2174 Demosthenem
2209 2128 2475 2173 numero
2509 2110 2828 2175 virtutum
2869 2128 3018 2174 ora-

898 2213 1099 2279 tionis
1149 2233 1463 2295 superare
1511 2214 1753 2280 dicitur
1800 2216 1904 2291 52,
1950 2216 2027 2278 11
2067 2254 2148 2261 -—
2184 2217 2287 2291 52,
2327 2217 2441 2280 16;
2495 2218 2533 2280 2
2568 2218 2625 2281 3.

753 2318 838 2384 II.
890 2321 994 2384 Ea
1042 2339 1209 2401 quae
1242 2320 1547 2387 universe
1581 2321 1759 2387 dicta
1792 2329 1948 2385 sunt
1984 2321 2331 2387 firmantur
2368 2330 2435 2387 et
2474 2325 3013 2403 comprobantur:

844 2448 900 2492 a.
948 2427 1322 2509 Hyperides
1389 2435 1851 2508 praeterquam
1915 2429 2087 2508 quod
2148 2430 2652 2494 Demosthenem
2719 2429 3018 2494 imitatus

941 2540 1058 2613 est,
1130 2534 1324 2598 etiam
1381 2534 1627 2615 Lysiae
1691 2534 1976 2599 virtutes
2020 2541 2109 2603 ¹et
2170 2543 2586 2600 venustatem
2654 2535 3018 2617 adsumpsit

941 2642 1045 2720 52,
1085 2642 1166 2705 16
1199 2679 1284 2686 -
1312 2642 1416 2719 54,
1458 2648 1521 2721 13

937 2750 990 2812 1.
1039 2747 1400 2828 propositio
1449 2748 1819 2813 sententiae
1868 2750 1971 2829 52,
2013 2751 2093 2813 16
2128 2786 2210 2794 —-
2244 2750 2348 2829 53,
2385 2752 2453 2814 3:
2508 2751 2579 2829 23

933 2856 989 2918 2.
1040 2854 1392 2935 expositi03

1022 2987 1078 3026 α.
1127 2963 1207 3026 de
1255 2960 1530 3042 simplici
1580 2962 1947 3027 elocutione
1997 2963 2101 3043 53,
2132 2965 2171 3027 3
2212 3001 2297 3008 —
2331 2964 2435 3041 53,
2472 2962 2545 3028 5:
2596 2964 2665 3040 33

1023 3070 1074 3154 β.
1123 3069 1203 3133 de
1253 3066 1397 3132 aliis
1446 3067 1826 3145 virtutibus,
1890 3068 2186 3149 inprimis
2250 3070 2327 3133 de
2390 3088 2635 3132 summa
2684 3068 3019 3133 suavitate

1119 3175 1224 3249 53,
1260 3177 1300 3240 5
1333 3214 1399 3219 —
1453 3175 1556 3256 53,
1593 3176 1703 3238 11:
1758 3177 1829 3253 2;

1019 3306 1075 3367 γ.
1117 3282 1196 3345 de
1247 3280 1392 3345 aliis
1441 3280 1639 3345 etiam
1677 3280 2035 3347 virtutibus
2083 3282 2187 3362 53,
2229 3284 2305 3345 11
2342 3321 2428 3327 —
2461 3283 2565 3362 54,
2606 3284 2671 3345 1:
2724 3282 2780 3345 2.

845 3390 900 3453 b.
951 3387 1198 3452 Contra
1247 3388 1724 3452 Demosthenes
1774 3387 1905 3470 (54,
1945 3391 1978 3452 1
2014 3426 2098 3434 —-
2132 3390 2237 3466 54,
2276 3388 2339 3473 7)

935 3496 988 3559 1.
1037 3493 1279 3557 nullam
1330 3513 1555 3559 earum
1603 3494 1923 3561 virtutum
1971 3496 2173 3559 habet
2220 3497 2325 3575 54,
2366 3498 2396 3558 1
2434 3534 2520 3539 ——
2553 3496 2656 3573 54,
2694 3496 2760 3559 3:
2811 3495 2882 3574 23

932 3602 988 3665 2.
1037 3600 1226 3665 immo
1273 3600 1343 3665 in
1393 3600 1795 3665 contrarium
1846 3601 2056 3665 currit
2104 3602 2208 3679 54,
2246 3602 2285 3665 3
2318 3640 2404 3645 -
2437 3601 2541 3681 54,
2578 3603 2651 3665 5;
2704 3602 2743 3665 2
2759 3624 2775 3687 ;

931 3710 989 3772 3.
1039 3706 1404 3788 exemplum
1451 3708 1556 3787 54,
1599 3708 1640 3771 5
1673 3746 1761 3752 ——
1794 3709 1897 3789 54,
1937 3709 2006 3772 7:
2060 3710 2113 3772 1.

663 3832 738 3896 Β.
786 3832 853 3897 Si
900 3831 1188 3897 veritate
1235 3831 1516 3897 virtutes
1601 3831 1918 3896 orationis
1996 3831 2447 3911 aestimantur,
2518 3832 3015 3913 DemostheneS,

782 3938 1184 4019 Hyperidem
1233 3944 1509 4019 superat
1555 3940 1660 4017 54,
1697 3941 1733 4003 7
1767 3978 1855 3983 —
1889 3939 1993 4019 55,
2030 3940 2088 4004 3.

796 4045 848 4109 Ι.
901 4044 1283 4110 Sententiae
1332 4044 1683 4133 primariae
1730 4045 2169 4111 inservientes
2218 4046 2322 4122 54,
2360 4046 2396 4109 7
2431 4082 2516 4091 ——
2549 4046 2653 4127 54,
2693 4046 2793 4111 13.

842 4171 897 4215 a.
937 4150 1274 4230 Euripidis
1300 4136 1582 4217 virtutes
1613 4151 2067 4235 magnitudine
2100 4156 2329 4216 carent
2362 4153 2467 4233 54,
2496 4153 2535 4216 6
2561 4190 2648 4197 --
2672 4152 2777 4231 54,
2809 4152 2918 4217 10:
2948 4151 3017 4231 33

840 4259 899 4323 b.
939 4257 1399 4323 Demosthenis
1465 4258 1751 4323 virtutes
1816 4258 2291 4341 magnitudinis
2361 4259 2597 4340 plenae
2664 4263 2846 4323 sunt:
2916 4259 3019 4341 54,

932 4364 1018 4428 10
1055 4403 1142 4409 ——
1190 4367 1294 4444 54,
1335 4366 1448 4428 13:
1501 4367 1562 4429 3.
