3417 5059
481 569 563 631 ad
611 567 1082 631 sententiarum
1129 568 1420 631 membra
1467 571 1814 650 spectaret,
1853 568 2019 631 bene
2052 586 2193 631 cum
2225 566 2649 629 antecedente
2682 582 2822 627 sen-

482 674 690 738 tentia
739 674 1251 756 coniungeretur.
1337 674 1464 738 Sed
1508 694 1649 738 cum
1691 672 2052 738 enuntiatio
2100 691 2264 752 quae
2310 670 2617 752 sequitur,
2660 689 2825 751 quae

479 799 649 845 nova
696 785 893 860 atque
941 800 1018 845 ea
1063 780 1377 861 primaria
1424 782 1725 845 habenda
1773 784 1958 862 esset,
1998 783 2077 843 de
2115 777 2583 843 sententiarum
2630 797 2823 841 mem-

481 886 617 950 bris
663 888 987 967 loquatur,
1036 886 1152 951 illa
1201 887 1405 952 verba
1452 906 1581 951 non
1624 890 1707 951 ad
1740 886 2120 968 sententiae,
2159 888 2269 949 sed
2310 884 2593 965 corporis
2632 902 2823 947 mem-

467 994 601 1057 ·bra
649 994 995 1058 referenda
1033 999 1198 1057 sunt.
1293 995 1456 1058 Tum
1495 1012 1650 1059 vero
1688 1013 1815 1057 non
1847 1013 2016 1059 nova
2054 991 2379 1056 sententia
2418 1009 2556 1055 esse
2594 974 2825 1071 potest,

481 1102 591 1163 sed
639 1099 934 1180 apodosis
982 1105 1048 1164 et
1096 1103 1180 1164 ad
1226 1103 1520 1186 καθάπερ
1578 1101 1925 1165 referenda
1981 1104 2094 1163 est.
2188 1098 2369 1181 Quae
2434 1098 2489 1162 si
2553 1097 2649 1161 ita
2716 1116 2823 1160 ex-

481 1205 823 1289 plicantur,
872 1226 1108 1289 magna
1157 1206 1505 1272 difficultas
1553 1207 1830 1291 exsistit,
1864 1209 2031 1287 quod
2077 1206 2145 1268 in
2202 1204 2665 1287 enuntiatione,
2724 1203 2824 1269 cui

482 1320 640 1379 οὕτω
689 1314 1111 1395 praemissum
1173 1318 1288 1395 est,
1345 1333 1580 1380 novum
1640 1315 1911 1380 verbum
1965 1312 2214 1377 finitum
2268 1311 2605 1377 invenitur
2660 1313 2827 1391 quod

480 1426 624 1501 post
673 1424 1074 1507 μεγεθοποιεῖ
1124 1440 1251 1485 non
1309 1422 1506 1486 etiam
1564 1421 1988 1485 desideratur.
2084 1420 2304 1499 Neque
2353 1437 2431 1483 ea
2479 1417 2826 1483 difficultas

482 1526 606 1590 nisi
644 1546 762 1607 per
801 1528 1279 1593 anacoluthiam
1321 1528 1583 1594 videtur
1624 1527 1937 1609 explicari
1969 1546 2150 1608 posse
2168 1527 2235 1611 ¹l).
2294 1526 2512 1590 Aliter
2550 1544 2654 1589 res
2686 1545 2827 1590 cum

485 1634 965 1714 comparatione
998 1655 1164 1714 quae
1198 1637 1298 1719 ⁶25,
1320 1638 1404 1702 26
1437 1635 1666 1717 incipit
1697 1655 1766 1700 se
1804 1635 2017 1699 habet.
2067 1634 2168 1698 Ibi
2199 1633 2472 1715 simplici
2498 1652 2826 1713 compara-

483 1739 677 1803 tionis
723 1741 931 1805 forma
979 1741 1216 1807 dicitur
1262 1744 1495 1807 multos
1543 1749 1833 1808 oratores
1881 1742 2235 1806 alienorum
2287 1760 2443 1821 quos
2488 1739 2829 1805 imitentur

483 1846 718 1927 spiritu
765 1850 985 1911 eodem
1031 1852 1212 1913 modo
1261 1869 1382 1929 quo
1429 1850 1737 1932 Pythiam
1786 1848 2005 1914 divino
2060 1848 2233 1912 fumo
2288 1847 2653 1929 gravidam,
2689 1846 2825 1927 agi-

484 1954 639 2018 tari:
724 1974 1110 2034 quamquam
1174 1955 1242 2019 in
1307 1956 1788 2037 comparatione
1851 1975 1967 2037 pro
2023 1994 2111 2001 -——
2166 1961 2359 2033 οὕτως
2414 1994 2501 2000 -
2558 1956 2641 2033 ὡς
2697 1954 2825 2018 for-

483 2061 720 2125 mulam
786 2080 951 2141 quae
1015 2061 1184 2125 idem
1249 2062 1572 2144 significat
1635 2068 1739 2129 τὸν
1796 2068 1980 2129 αὐτὸν
2035 2065 2261 2148 τρόπον
2317 2063 2383 2128 ὃν
2449 2060 2825 2126 invenimus

485 2168 611 2231 Sed
668 2187 809 2232 cum
867 2172 1094 2232 auctor
1148 2170 1460 2250 protasim
1525 2172 1608 2234 ad
1663 2189 1856 2249 quam
1914 2168 2397 2249 exprimendam
2454 2174 2553 2233 tot
2610 2168 2827 2234 verbis

485 2293 643 2355 opus
680 2294 806 2338 non
846 2281 1008 2357 erat,
1047 2275 1267 2340 multis
1304 2276 1523 2342 verbis
1562 2279 1644 2340 ad
1681 2276 1991 2357 Pythiam
2038 2276 2324 2356 illudque
2362 2280 2623 2341 antrum
2662 2277 2827 2355 quod

485 2380 774 2447 divinum
847 2381 1146 2463 spiritum
1227 2384 1493 2448 exhalat
1571 2381 2019 2464 spectantibus
2099 2382 2297 2447 etiam
2363 2382 2825 2463 exornavisset,

485 2487 722 2552 oblitus
771 2493 886 2571 est,
935 2493 1011 2553 ut
1045 2489 1144 2553 ita
1182 2490 1406 2571 dicam,
1455 2508 1522 2553 se
1572 2490 1898 2571 apodosim
1935 2490 2068 2554 iam
2104 2490 2291 2554 initio
2331 2488 2827 2572 comparationis

485 2594 786 2677 posuisse,
825 2596 1048 2677 itaque
1081 2602 1273 2675 οὕτως
1306 2595 1750 2661 coniunctione
1782 2616 1933 2661 usus
1963 2616 2082 2678 per
2112 2597 2603 2678 palindromiam
2635 2595 2826 2660 simili

488 2704 671 2765 modo
704 2722 827 2782 quo
857 2704 960 2785 61,
990 2704 1068 2766 17
1112 2702 1435 2784 apodosim
1465 2703 1704 2768 iterum
1738 2704 1935 2785 ponit.

665 2808 936 2873 Omnino
1001 2809 1210 2874 libera
1279 2829 1433 2876 vero
1498 2849 1585 2855 —
1650 2816 1725 2874 ut
1779 2810 1876 2874 ita
1936 2810 2144 2875 dicam
2201 2850 2287 2856 ——
2341 2812 2552 2876 forma
2603 2815 2828 2875 auctor

486 2916 589 2997 34,
649 2916 729 2979 15
781 2916 1306 2997 comparationen
1356 2917 1582 2982 induit.
1675 2918 1778 2981 Ibi
1826 2921 1991 2998 quod
2041 2921 2121 2982 ad
2162 2918 2549 2983 sententiam
2588 2918 2828 2983 attinet

487 3023 1029 3104 comparationem
1132 3028 1390 3087 exstare
1507 3043 1690 3088 nemo
1792 3025 2078 3107 negabit,
2195 3026 2577 3105 praesertim
2688 3045 2828 3091 cum

487 3129 1030 3196 animadverterit
1105 3135 1258 3195 ante
1333 3131 1540 3211 ipsum
1624 3132 1830 3196 locum
1916 3131 2156 3195 similes
2230 3132 2587 3196 sententias
2660 3152 2827 3197 com-

487 3237 828 3317 paratione
921 3258 1058 3303 esse
1155 3257 1508 3319 expressas.
1647 3240 1889 3303 Verum
1974 3238 2153 3303 nulla
2246 3238 2569 3319 particula
2661 3260 2826 3303 com-

486 3344 793 3425 parativa
850 3345 1191 3428 reperitur,
1259 3351 1326 3408 et
1388 3344 1670 3425 protasis
1746 3347 1900 3427 loco,
1966 3364 2131 3425 quae
2198 3348 2279 3423 ὡς
2344 3345 2669 3425 particula
2730 3346 2825 3410 in-

487 3450 704 3532 cipiat,
737 3454 916 3515 m'era
950 3452 1308 3516 enuntiatio
1341 3450 1742 3517 affirmativa
1775 3456 2008 3534 exstat,
2042 3471 2169 3532 qua
2211 3451 2449 3516 dicitur
2488 3452 2555 3515 in
2588 3453 2829 3517 tabulis

484 3558 691 3622 lucem
749 3557 1066 3623 coloribus
1123 3577 1492 3640 expressam
1556 3559 1737 3640 prius
1804 3560 1884 3623 ad
1942 3558 2264 3623 hominum
2329 3560 2541 3623 oculos
2607 3560 2830 3626 venire

486 3684 678 3745 quam
734 3665 1044 3729 umbram.
1132 3646 1254 3729 ‘Oui
1321 3664 1754 3730 enuntiationi
1820 3667 2032 3730 altera
2088 3668 2342 3730 adnexa
2409 3671 2523 3750 est,
2581 3686 2708 3747 qua
2764 3667 2831 3730 in

487 3770 885 3836 orationibus
950 3792 1219 3861 quoque·
1253 3773 1502 3855 figurae
1550 3774 1812 3839 adfectu
1869 3778 1936 3837 et
1992 3771 2392 3837 sublimitate
2441 3772 2671 3838 animis
2717 3792 2831 3838 nos

488 3877 641 3941 stris
696 3878 1100 3960 propioribus
1155 3899 1406 3962 semper
1462 3881 1795 3947 obscurari
1852 3881 2171 3962 dicuntur,
2230 3887 2304 3967 ut
2350 3900 2477 3944 non
2522 3882 2831 3945 molestae

489 3983 664 4047 fiant.
757 3986 880 4049 Sed
930 4006 1071 4051 cum
1121 3987 1178 4050 ei
1218 3988 1583 4053 sententiae
1621 3994 1845 4056 οὐκοῦν
1884 3988 2209 4070 particula
2242 3987 2609 4054 conclusiva
2648 3993 2828 4052 ante-

490 4090 700 4171 posita
765 4092 866 4173 sit,
923 4097 1129 4158 totum
1187 4096 1607 4160 conclusionis
1661 4097 1933 4160 formam
1999 4095 2124 4160 sibi
2186 4095 2558 4176 adsumpsit.
2650 4097 2831 4160 Idem

491 4200 568 4260 (le
625 4200 869 4263 duobus
917 4199 1064 4264 aliis
1118 4202 1272 4265 locis
1319 4202 1658 4268 dicendum
1708 4209 1823 4285 est,
1890 4222 2046 4284 quos
2111 4209 2377 4285 propter
2441 4202 2831 4267 sententiam

668 4341 707 4410 ¹)
745 4342 1004 4397 Fortasse
1045 4342 1193 4396 locus
1233 4344 1414 4397 sanari
1451 4352 1631 4411 potest
1671 4376 1735 4382 -—
1776 4344 1941 4398 Birtii
1968 4344 2316 4412 proponimus
2356 4345 2721 4399 coniecturam
2764 4373 2829 4382 —

489 4428 535 4482 si
575 4429 917 4485 interductus
956 4438 1080 4499 post
1117 4436 1183 4484 τὰ
1221 4435 1482 4499 λεγόμενοι
1520 4433 1734 4487 deletur
1769 4440 1825 4487 et
1864 4441 1989 4504 post
2027 4432 2095 4486 ὧν
2133 4434 2395 4511 inseritur
2434 4437 2618 4499 ὥσπερ.
