3417 5059
1437 354 1876 415 *61—

482 553 590 633 pla
647 555 922 615 exstent.
1015 551 1247 630 Itaque
1302 568 1429 613 non
1484 551 1685 615 solum
1744 550 2111 614 sententiae
2178 566 2438 630 prorsus
2494 549 2833 614 absolutae

484 678 562 723 ea
608 659 816 723 forma
864 657 1134 721 indutae
1180 661 1348 738 sunt,
1397 658 1508 720 sed
1557 656 1758 721 etiam
1807 675 1923 721 eae
1970 656 2203 737 quibus
2261 659 2486 719 auctor
2542 654 2607 718 id
2666 658 2833 735 quod

483 765 785 847 proponit
829 764 1072 829 maiore
1118 763 1187 829 vi
1235 763 1450 828 (licere
1497 765 1656 830 vult.
1752 764 1947 829 Cuius
1994 764 2089 828 rei
2138 763 2569 827 illustrandae
2614 762 2835 844 gratia

483 872 770 937 nonnulli
817 871 938 935 loci
987 872 1396 936 adferantur:
1445 872 1506 951 6,
1541 872 1581 935 3
1629 877 1698 937 τὸ
1749 870 1865 957 [δὲ]
1916 874 2314 958 μειρακιῶδες
2360 866 2643 957 ἄντικρυς
2690 873 2834 935 ύπε-

483 981 718 1047 ναντίον
777 991 902 1057 τοῖς
961 980 1256 1065 μεγέθεσι
1280 1007 1290 1018 ·
1312 984 1595 1044 ταπεινὸν
1655 984 1774 1065 γὰρ
1835 981 1899 1058 ἐξ
1949 982 2096 1044 ὅλου
2144 982 2249 1043 καὶ
2299 981 2682 1065 μικρόψυχον
2728 981 2833 1043 καὶ

482 1098 568 1173 τῷ
631 1091 754 1151 ὄντι
810 1091 1008 1152 κακὸν
1066 1086 1526 1172 ἀγεννέστατον.
1626 1086 1727 1165 10,
1787 1085 1869 1149 10
1915 1098 2096 1151 τοῦτο
2131 1083 2297 1171 [γὰρ]
2346 1096 2431 1171 τῷ
2483 1089 2605 1151 ὄντι
2655 1086 2831 1171 μέγα,

483 1193 552 1258 οὗ
614 1195 815 1279 πολλὴ
877 1196 984 1279 μὲν
1029 1196 1069 1278 ἡ
1117 1194 1566 1279 ἀναθεώρησις,
1630 1194 1932 1269 δύσκολος
1980 1194 2067 1275 δέ,
2132 1194 2367 1278 μᾶλλον
2415 1191 2467 1257 δ’
2515 1194 2831 1273 ἀδύνατος,

480 1302 520 1386 ἡ
576 1301 1115 1379 κατεξαναστασις.
1173 1300 1314 1385 ,11,
1361 1300 1446 1363 22
1511 1298 1712 1384 [ὅθεν]
1774 1304 1999 1385 ἥκιστα
2052 1310 2177 1365 τῶν
2233 1301 2506 1385 ῥητόρων
2568 1301 2622 1363 οἱ
2668 1322 2833 1384 περι-

481 1409 706 1485 παθεῖς
731 1410 1208 1493 ἐγκωμιαστικοί
1233 1409 1272 1492 ἢ
1303 1409 1564 1493 ἔμπαλιν
1590 1409 1644 1472 οῐ
1665 1410 2033 1473 ὲπαινετικοί
2056 1409 2423 1492 περιπαθεῖς
2440 1403 2653 1489 (cuius
2682 1424 2833 1471 sen-

481 1512 733 1579 tentiae
755 1518 1093 1579 structura
1132 1533 1324 1593 quam
1360 1512 1719 1578 artificiosa
1750 1512 1836 1577 sit
1866 1512 2057 1578 velim
2081 1512 2499 1597 consideres).
2545 1513 2649 1595 36,
2670 1514 2748 1575 11
2769 1516 2833 1579 ἐν

480 1623 691 1688 στάσει
741 1620 907 1707 [γὰρ]
964 1627 1034 1687 τὸ
1082 1624 1366 1708 ἠρεμοῦν,
1429 1625 1492 1686 ὲν
1554 1622 1774 1707 ἀταξίᾳ
1828 1624 1897 1687 δὲ
1955 1626 2024 1686 τὸ
2086 1623 2312 1698 πάθος.
2408 1620 2513 1697 37,
2567 1620 2649 1683 19
2695 1623 2833 1687 τότε

478 1733 597 1816 γὰρ
643 1732 683 1814 ἡ
731 1730 916 1815 τέχνη
965 1730 1214 1810 τέλειος,
1263 1727 1422 1814 ἡνίκ’
1457 1732 1530 1793 ἂν
1563 1730 1742 1813 φύσις
1788 1727 1938 1795 εἶναι
1973 1731 2148 1814 δοκῇ,
2196 1730 2235 1814 ἡ
2269 1727 2322 1794 δ’
2355 1727 2434 1792 αὖ
2481 1730 2659 1814 φύσις
2705 1730 2832 1793 ἐπι-

478 1837 687 1922 τυχής,
749 1840 894 1901 ὅταν
949 1836 1387 1901 λανθάνουσαν
1434 1837 1688 1922 περιέχῃ
1737 1840 1847 1921 τὴν
1893 1837 2114 1922 τέχνην
2164 1834 2399 1918 (neque
2446 1834 2641 1899 huius
2690 1852 2834 1900 sen-

481 1941 734 2006 tentiae
783 1948 1123 2007 structura
1171 1949 1317 2006 arte
1366 1949 1571 2020 caret,
1637 1960 1759 2005 nec
1818 1942 1987 2006 duae
2044 1960 2211 2021 quas
2256 1940 2385 2007 iam
2434 1941 2833 2022 adferimus).

482 2048 585 2128 46,
622 2048 661 2112 3
709 2051 742 2113 ό
793 2047 961 2135 [γὰρ]
1011 2051 1418 2135 Δημοσθένης
1480 2054 1618 2135 ὅρος
1675 2053 1781 2113 καὶ
1837 2060 1959 2115 τῶν
2007 2052 2299 2115 τοιούτων
2347 2047 2454 2135 [se.
2502 2051 2832 2129 met-apho-

481 2174 701 2220 rarum
763 2153 956 2242 usus],
1029 2159 1061 2220 ό
1117 2168 1224 2242 τῆς
1280 2157 1490 2242 χρείας
1546 2159 1613 2221 δὲ
1672 2159 1904 2242 καιρός.
2018 2156 2123 2235 51,
2178 2156 2259 2219 19
2323 2154 2646 2242 [ἐπείτοιγε
2701 2155 2831 2242 καὶ]

483 2267 763 2339 ἄπτωτος
811 2267 842 2328 ό
875 2262 1289 2340 Ἀπολλώνιος
1336 2266 1401 2330 ἐν
1448 2274 1572 2340 τοῖς
1603 2262 2038 2349 Ἀργοναύταις
2069 2269 2324 2350 ποιητὴς
2357 2266 2475 2329 κάν
2522 2274 2646 2341 τοῖς
2694 2265 2833 2351 βου-

483 2371 755 2448 κολικοῖς
787 2372 948 2455 πλὴν
974 2372 1198 2456 ὀλίγων
1229 2382 1354 2437 τῶν
1385 2372 1623 2449 ἔξωθεν
1657 2372 1689 2435 ό
1711 2370 2045 2456 Θεόκριτος
2078 2371 2567 2456 ἐπιτυχέστατος.
2619 2369 2723 2445 60,
2748 2370 2834 2434 20

480 2480 824 2563 ἀποχρῶσα
859 2475 1024 2563 [γὰρ]
1059 2480 1098 2563 ἡ
1131 2489 1311 2563 πεῖρα
1343 2480 1558 2554 πίστις.
1639 2478 1744 2556 62,
1784 2478 1817 2541 1
1856 2488 2251 2563 μικροποιοῢν
2285 2474 2387 2561 [δ’]
2425 2480 2599 2542 οὐδὲν
2640 2482 2834 2554 οὕτως

481 2586 544 2648 ἐν
600 2594 724 2659 τοῖς
780 2586 1038 2670 ὑψηλοῖς
1096 2587 1179 2661 ὡς
1236 2588 1473 2671 ῥυθμός
1529 2586 1953 2672 κεκλασμένος
2010 2587 2199 2670 λόγου
2246 2588 2351 2649 καὶ
2400 2585 2829 2671 σεσοβημένος.

483 2689 670 2753 Aliae
710 2689 844 2754 eius
882 2690 1052 2754 modi
1089 2691 1454 2755 sententiae
1486 2690 1826 2772 permultis
1862 2691 2017 2755 locis
2050 2696 2330 2773 exstant,
2368 2696 2443 2755 111
2481 2691 2539 2770 2,
2564 2692 2633 2770 63
2676 2692 2734 2771 3,
2760 2693 2829 2769 6;

483 2797 693 2878 4,15;
744 2797 802 2879 9,
843 2798 924 2876 3,
962 2799 1019 2879 9,
1060 2801 1128 2877 8,
1184 2800 1282 2879 11,
1321 2800 1391 2879 43
1446 2800 1544 2881 13,
1586 2800 1654 2879 2;
1709 2800 1809 2881 19,
1850 2800 1919 2879 2;
1972 2799 2075 2878 25,
2119 2798 2231 2879 26;
2274 2798 2377 2879 26,
2418 2798 2531 2878 22;
2574 2798 2675 2879 27,
2718 2797 2828 2876 10;

482 2903 730 2987 30,12;
781 2904 1030 2987 30,13;
1082 2906 1333 2985 30,17;
1385 2907 1487 2988 33,
1521 2905 1779 2998 20134,
1817 2906 1925 2984 10;
1976 2906 2226 2987 43,19;
2277 2905 2381 2987 43,
2414 2906 2526 2983 22;
2577 2905 2828 2987 44,15;

483 3010 685 3092 45,1;
737 3012 840 3087 49,
874 3012 942 3092 8;
994 3012 1096 3094 52,
1130 3014 1199 3091 6;
1251 3012 1499 3095 63,10;
1551 3014 1630 3077 al.

663 3118 1159 3198 Nonnumquam
1207 3128 1441 3183 auctor
1487 3138 1629 3183 eam
1662 3118 1922 3184 dicendi
1968 3118 2289 3183 rationem
2322 3119 2622 3199 viamque
2671 3126 2831 3183 tem-

485 3230 652 3309 ptat,
704 3244 845 3289 cum
895 3226 975 3290 de
1023 3226 1243 3306 aliqua
1292 3244 1363 3290 re
1395 3246 1589 3307 quam
1637 3226 1961 3292 tractavit
2005 3226 2315 3291 iudicium
2358 3225 2659 3290 facturus
2708 3234 2831 3303 est,

483 3332 669 3397 velut
732 3333 792 3410 5,
837 3332 898 3408 5,
951 3341 1318 3413 postquam
1381 3334 1592 3399 locum
1658 3333 2096 3415 Aeschyleum
2158 3332 2439 3411 citavit‚.
2480 3332 2697 3415 pergit
2762 3338 2833 3399 οὐ

483 3444 748 3526 τραγικὰ
794 3444 881 3505 ἔτι
927 3453 1138 3523 ταῦτα,
1189 3444 1356 3507 ἀλλὰ
1402 3444 1877 3528 παρατράγῳδα.
1971 3442 2082 3523 IV,
2131 3442 2170 3504 2
2219 3440 2835 3521 Pseudo-Longinus

486 3546 1029 3626 comparationem
1074 3547 1382 3629 frigidam
1432 3547 1792 3625 Alexandri
1840 3568 1982 3612 cum
2021 3549 2310 3612 Isocrate
2356 3568 2396 3611 a
2436 3546 2698 3612 Timaeo
2735 3549 2832 3611 fa-

486 3658 655 3716 ctam
704 3654 940 3735 adfert,
988 3657 1068 3718 de
1115 3674 1239 3735 qua
1293 3657 1348 3737 7,
1381 3656 1440 3737 8,
1487 3655 1793 3719 1111116111111
1840 3655 2006 3720 facit
2052 3654 2175 3719 his:
2226 3657 2559 3741 θαυμαστή
2608 3678 2681 3741 γε
2727 3668 2835 3720 τοῦ

485 3761 844 3838 Μακεδόνος
889 3764 929 3847 ἡ
977 3767 1126 3847 πρὸς
1172 3767 1277 3829 τὸν
1324 3768 1621 3849 σοφιστὴν
1668 3765 2003 3849 σύγκρισις.
2099 3764 2253 3827 Cum
2301 3761 2431 3825 illis
2477 3761 2632 3825 locis
2690 3781 2833 3825 con-

487 3866 644 3929 ferri
693 3872 958 3947 possunt
1007 3869 1106 3951 14,
1159 3870 1266 3947 16,
1318 3870 1420 3949 54,
1473 3870 1581 3949 143
1633 3871 1712 3933 al.
1886 3856 1891 3867 ⁸

667 3974 906 4038 Eodem
962 3974 1216 4044 dicendi
1283 3979 1464 4040 modo
1523 3981 1749 4041 auctor
1805 3996 1930 4040 non
1988 3996 2135 4040 raro
2195 3976 2419 4042 utitur.
2486 3984 2834 4059 antequam

490 4079 758 4144 aliorum
806 4082 1187 4163 scriptorum
1234 4084 1404 4147 locos
1451 4084 1729 4165 adferat,
1780 4085 1962 4149 velut
2009 4085 2112 4167 39,
2162 4086 2202 4147 5
2249 4084 2523 4167 legimus
2582 4099 2835 4151 τοιαῦτα

488 4193 655 4274 παρὰ
700 4200 787 4275 τῷ
835 4191 1148 4275 Σοφοκλεῖ
1188 4196 1265 4256 τὰ
1313 4194 1410 4257 ἐπὶ
1458 4204 1564 4256 τοῦ
1606 4193 1883 4272 Οἰδίπου,
1934 4211 2100 4272 quae
2138 4194 2345 4258 verba
2381 4193 2557 4257 locus
2596 4194 2833 4273 Sopho-

488 4296 662 4360 cleus
708 4296 1014 4377 sequitur.
1107 4298 1361 4362 Similes
1406 4298 1529 4362 loci
1577 4303 1729 4363 sunt
1780 4300 1879 4381 13,
1922 4300 1978 4363 9.
2038 4300 2141 4381 49,
2183 4300 2283 4364 24.
2343 4301 2580 4382 42,11.
2639 4301 2747 4383 43,
2774 4301 2832 4365 3.

487 4401 590 4485 58,
613 4403 714 4467 24.
749 4404 854 4484 al.;
888 4410 1152 4485 possunt
1185 4425 1325 4470 cum
1357 4406 1437 4470 iis
1471 4406 1750 4470 conferri
1788 4406 1969 4489 5,17.
2004 4408 2062 4489 6,
2092 4407 2190 4471 17.
2225 4408 2327 4491 38,
2358 4407 2455 4472 10.
2494 4406 2719 4490 40,16.
2754 4409 2833 4472 al.
