3417 5059
517 569 688 650 bula,
753 588 1024 649 quorum
1079 587 1382 651 magnum
1441 587 1778 634 numerum
1832 588 1964 634 non
2020 569 2226 633 solum
2287 572 2469 634 totus
2523 568 2691 634 liber
2744 569 2859 633 sed

517 675 716 741 etiam
739 677 1206 744 vocabulorum
1231 676 1585 742 electorum
1609 676 1807 743 index
1838 676 2153 753 continet,
2187 675 2385 741 etiam
2416 674 2483 741 in
2516 693 2595 740 ea
2625 674 2859 741 indicis

519 790 710 863 parte
749 784 829 848 de
868 803 998 863 qua
1035 780 1289 865 agimus
1329 800 1690 863 occurrere,
1733 782 1916 852 velut
1951 784 2051 861 12,
2086 784 2128 848 4
2167 786 2856 871 διακληρονομοὺμενον,

515 889 620 969 30,
659 891 692 953 1
751 890 1425 976 προσεπιθεασώμεθα,
1483 890 1587 972 29,
1624 892 1664 955 4
1720 893 2286 977 προσπεριωρίσατο
2341 889 2629 974 legimus
2723 888 2860 954 Nec

516 997 755 1061 desunt
801 996 1126 1063 vocabula
1171 996 1518 1077 bicorpora
1545 1036 1628 1043 —-
1652 1002 1728 1062 ut
1774 1016 1850 1062 eo
1897 998 2099 1063 verbo
2146 996 2246 1062 uti
2292 997 2489 1061 liceat
2512 1036 2598 1043 —
2624 996 2859 1077 quibus

515 1100 766 1167 Birtius
813 1102 873 1185 (l.
913 1104 950 1168 l.
991 1123 1050 1183 p.
1093 1103 1246 1189 196)
1296 1102 1580 1169 orationi
1627 1103 2092 1169 sublimitatem
2131 1102 2521 1169 circumdari
2558 1103 2735 1184 dicit,
2785 1109 2860 1169 ut

515 1210 620 1289 41,
659 1210 692 1272 1
745 1212 1137 1296 μικροποιὲω,
1187 1212 1291 1291 28,
1330 1212 1363 1273 1
1416 1214 1811 1298 ὑψηλοποιός,
1861 1212 1922 1291 9,
1961 1210 2043 1274 14
2090 1212 2476 1296 συομορφὲω,
2527 1209 2671 1275 alia.

693 1317 770 1381 In
819 1317 1282 1397 componendis
1330 1323 1549 1382 autem
1595 1317 1936 1385 vocabulis
1985 1317 2149 1381 duas
2188 1315 2483 1381 rationes
2522 1323 2858 1383 auctorem

516 1429 822 1504 putamus
855 1430 1150 1489 secutum
1181 1442 1342 1490 esse.
1390 1424 1556 1490 Nam
1586 1424 1656 1489 in
1685 1423 1833 1489 aliis
1858 1422 2221 1489 formandis
2254 1422 2381 1487 nisi
2406 1422 2604 1487 fallor
2635 1422 2860 1489 simili-

514 1529 807 1598 tudinem
844 1531 1310 1596 vocabulorum
1346 1530 1727 1612 vicinorum,
1768 1530 1808 1596 i.
1848 1550 1899 1595 e.
1939 1528 2382 1611 parhomoisiu
2430 1528 2567 1595 sive
2614 1530 2859 1597 homoi-

514 1644 748 1703 arcton
795 1637 1112 1719 captavit,
1163 1637 1294 1702 alia
1341 1658 1416 1703 eo
1465 1638 1736 1703 consilio
1784 1637 1974 1703 finxit
2022 1643 2097 1701 ut
2144 1643 2364 1702 certas
2412 1637 2733 1703 notiones·
2756 1636 2859 1701 di—

515 1744 823 1809 stinctius
871 1762 1065 1825 quam
1111 1744 1379 1809 usitatis
1424 1744 1765 1811 vocabulis
1813 1743 2220 1825 exprimeret.
2826 1758 2831 1763 ’

691 1852 928 1931 Itaque
959 1852 1063 1931 34,
1087 1852 1128 1915 4
1160 1853 1556 1939 καταφὲγγει,
1591 1851 1777 1917 0111118
1810 1850 2083 1931 simplex
2116 1869 2385 1931 quoque¹
2404 1850 2617 1916 forma
2650 1854 2861 1940 φέγγει

514 1978 668 2023 rara
716 1964 839 2036 est,
891 1965 1163 2040 propter
1209 1961 1597 2047 καταβροντᾷ
1634 1960 1809 2040 quod
1848 1957 2180 2023 antecedit
2220 1957 2572 2024 formatum
2613 1965 2735 2039 est,
2786 1966 2859 2024 ut

515 2065 683 2130 idem
715 2072 893 2131 esset
934 2065 1277 2145 utriusque
1309 2065 1612 2131 vocabuli
1642 2064 1916 2131 initium.
1986 2066 2237 2131 Eadem
2280 2064 2423 2130 fere
2467 2066 2639 2130 ratio
2672 2066 2777 2143 34,
2820 2067 2861 2129 4

379 2160 386 2167 ’
514 2172 690 2237 inter
736 2176 1082 2253 ἀντανοῖξαι
1141 2180 1209 2237 et
1255 2177 1776 2261 ἀντοφθαλμῆσαι
1821 2170 2193 2253 intercedit,
2262 2190 2392 2252 qua
2440 2170 2861 2238 similitudine

518 2279 792 2345 duarum
874 2280 942 2345 in
1027 2280 1264 2360 quibus
1347 2286 1616 2345 exstant
1699 2279 2179 2345 sententiarum
2264 2277 2617 2344 similitudo
2694 2281 2861 2345 bene

517 2385 896 2452 adiuvatur:
961 2392 1066 2453 καὶ
1124 2390 1356 2453 θᾶττον
1403 2390 1478 2452 ἄν
1523 2410 1610 2464 τις
1657 2396 1974 2472 κεραυνοῖς
2006 2388 2360 2473 φερομένοις
2392 2387 2735 2466 ἀντανοῖξαι
2782 2391 2861 2452 τὰ

516 2498 760 2579 ὄμματα
819 2496 1062 2560 δύναιτο
1118 2498 1159 2579 ἢ
1220 2496 1741 2580 ἀντοφθαλμῆσαι
1813 2502 1937 2569 τοῖς
2010 2495 2381 2578 ἐπαλλήλοις
2450 2494 2686 2559 ἐκείνου
2748 2492 2860 2577 (sc,

516 2600 981 2687 Δημοσθένους)
1049 2603 1337 2667 πάθεσιν.
1466 2598 1570 2678 15,
1619 2600 1658 2663 8
1725 2602 2030 2686 ὲνάληθες
2100 2598 2242 2665 sine
2318 2597 2513 2664 dubio
2590 2605 2875 2689 propter-

515 2711 866 2793 ἔμπρακτον
914 2708 1085 2787 quod
1133 2704 1469 2771 antecedit
1515 2705 1869 2771 formatum
1917 2713 2019 2771 est
2067 2713 2135 2771 et
2181 2707 2285 2785 34,
2322 2708 2361 2770 2
2417 2702 2863 2793 εὐπάλαιστρον

518 2813 760 2894 optime
821 2815 904 2879 ad
965 2816 1240 2901 εὐγένεια
1287 2814 1457 2893 quod
1507 2812 1841 2878 antecedit
1886 2818 1955 2877 et
2001 2816 2299 2900 εὐστόχου
2348 2813 2519 2892 quod
2568 2812 2865 2893 sequitur

517 2920 818 2999 quadrat.
909 2921 1160 2986 Eadem
1218 2919 1477 2985 ratione
1536 2926 1769 2985 auctor
1794 2955 1800 2962 ·
1830 2919 2121 2985 fortasse
2181 2924 2539 2985 commotus
2600 2926 2722 2998 est,
2785 2926 2860 2985 ut

520 3029 622 3105 13,
673 3028 714 3090 4
762 3034 1034 3107 propter
1081 3026 1645 3114 διαδορατιζὸμὲνος
1693 3026 2013 3093 scriberet
2060 3030 2487 3114 διηριστεύετο,
2552 3033 2621 3091 et
2671 3026 2771 3107 17,
2822 3027 2861 3091 3

518 3135 1030 3221 προεμφανίζεται
1063 3134 1384 3199 vocabulo
1423 3132 1718 3215 singulas
1751 3138 1977 3213 partes
2007 3133 2474 3199 vocabulorum
2504 3145 2865 3220 προϋπαντᾷ
2935 3130 2939 3135 ’

519 3247 589 3305 et
633 3242 908 3327 φαίνεται
953 3239 1216 3307 videtur
1263 3239 1670 3321 repetivisse.

696 3349 773 3412 In
820 3348 922 3413 his
955 3348 1269 3428 quat-tuor
1306 3346 1646 3415 vocabulis
1676 3366 1845 3427 quae
1882 3352 2247 3427 sequuntur
2278 3344 2641 3411 formandis
2676 3346 2863 3411 dubi-

520 3460 666 3519 tare
698 3472 1042 3536 possumus
1074 3460 1288 3520 utrum
1325 3461 1555 3519 auctor
1579 3451 1948 3519 huiusmodi
1978 3453 2426 3519 similitudinis
2456 3472 2541 3518 an
2576 3448 2862 3520 notionis

521 3561 844 3627 rationem
901 3564 1168 3626 secutus
1225 3560 1330 3625 sit.
1453 3562 1618 3628 Sunt
1680 3563 1781 3641 11,
1834 3563 1873 3625 2
1930 3565 2492 3648 ἀντισυμμαχεῖται,
2552 3561 2725 3640 quod
2781 3561 2864 3625 ad

520 3680 835 3757 συμμαχεῖ
888 3667 1310 3733 referendum
1367 3674 1488 3749 est,
1551 3669 1655 3748 41,
1711 3669 1744 3730 1
1810 3672 2207 3755 κατάρυθμα,
2257 3672 2409 3748 post
2457 3668 2627 3747 quod
2676 3668 2780 3747 41,
2824 3668 2862 3729 2

521 3777 1099 3863 κατερρυθμισμὲνα
1125 3780 1365 3857 exstat,
1394 3776 1555 3855 35‚4
1586 3777 1850 3863 ἀναχοαί
1881 3776 2053 3856 quod
2086 3776 2170 3839 ad
2194 3776 2560 3862 προχέουσιν
2588 3780 2865 3853 spectat.

697 3880 1209 3947 Homoioteleuti
1265 3884 1439 3962 quod
1495 3882 1896 3947 contrarium
1944 3886 2020 3947 eo
2058 3881 2126 3946 in
2174 3879 2364 3946 simili
2400 3880 2865 3947 vocabulorum

525 3989 704 4054 exitu
751 3989 1035 4070 positum
1083 3994 1186 4053 est
1225 3988 1585 4069 exemplum
1626 4006 1707 4052 ex
1747 3987 1960 4053 altera
1998 3987 2231 4053 indicis
2271 3994 2464 4068 parte
2500 3986 2864 4053 adferatur.

524 4099 584 4177 9,
639 4098 670 4159 1
733 4096 1004 4179 legitur:
1069 4101 1175 4162 καὶ
1214 4100 1266 4162 εἰ
1305 4100 1580 4183 δωρητὸν
1617 4101 1686 4162 τὸ
1726 4108 1979 4183 πρᾶγμα
2026 4098 2261 4183 μᾶλλον
2298 4099 2337 4181 ἢ
2377 4098 2619 4181 κτητὸν.
2710 4095 2865 4161 Jam

524 4204 935 4285 perspicuum
983 4211 1085 4269 est
1133 4222 1248 4269 cur
1295 4203 1580 4284 scriptor
1628 4206 1902 4289 δωρητὸν
1951 4202 2075 4268 sibi
2123 4201 2541 4267 concesserit.
2852 4226 2859 4236 ⁴

701 4295 928 4391 Neque
982 4330 1138 4376 vero
1201 4312 1397 4375 debet
1455 4309 1744 4375 dubitari
1800 4309 1954 4389 quin
2011 4309 2180 4374 idem
2236 4309 2488 4389 reliqua
2543 4309 2866 4374 vocabula

527 4424 762 4483 certae
813 4416 1100 4482 notionis
1164 4416 1394 4483 melius
1461 4415 1920 4498 exprimendae
1986 4436 2189 4482 causa
2253 4415 2657 4482 formaverit.
2787 4416 2864 4479 In
