3417 5059
1519 368 1965 430 „67-

507 594 514 596 ·
565 560 652 626 39
695 560 826 626 loci
873 561 1245 641 opponendi
1293 568 1448 627 suut
1495 561 1734 641 quibus
1787 561 1913 626 170
1962 562 2364 643 syllabarum
2413 580 2719 627 numerus
2766 562 2917 628 effi-

565 667 756 733 citur.
867 667 1050 751 Ergo
1097 668 1522 733 statuendum
1569 674 1674 733 est
1720 672 2059 733 auctorem
2106 667 2402 735 brevium
2448 669 2917 735 vocabulorum

566 792 953 838 concursum
999 779 1318 853 quantum
1365 773 1660 854 potuerit
1704 773 2045 839 vitavisse.

743 878 868 944 His
913 877 1232 959 expositis
1279 880 1406 944 iam
1453 881 1540 944 ad
1585 880 1955 963 graviorem
2004 880 2453 960 quaestionem
2502 887 2915 947 transeamus

567 993 636 1050 et
681 987 762 1051 de
810 985 1096 1050 numeris
1144 985 1254 1065 qui
1301 986 1369 1049 in
1413 985 1719 1050 orati-one
1766 986 2057 1051 auctoris
2105 986 2333 1052 insunt
2380 1006 2670 1069 agamus.
2771 988 2921 1071 Qua

565 1092 632 1156 in
699 1112 770 1156 re
833 1093 1190 1157 tractanda
1255 1111 1400 1157 cum
1461 1098 1674 1157 totum
1731 1092 1967 1157 librum
2025 1091 2092 1156 in
2151 1094 2603 1173 quaestionem
2662 1094 2919 1176 discep-

566 1198 1014 1279 tationemque
1063 1217 1300 1264 vocare
1347 1199 1682 1276 nollemuS‚
1732 1199 1801 1263 in
1838 1218 2073 1265 novem
2110 1199 2334 1279 priora
2373 1201 2597 1280 capita
2642 1201 2921 1281 inquisi-

568 1304 778 1370 vimus
843 1322 1290 1385 numerosque
1375 1304 1486 1385 qui
1579 1305 2193 1384 commemoratione
2270 1305 2450 1389 digni
2520 1306 2923 1372 videbantur

568 1410 946 1494 collegimus
993 1418 1061 1475 et
1107 1412 1206 1475 ita
1253 1411 1710 1492 disposuimuS,
1760 1418 1836 1476 ut
1882 1411 2089 1492 primo
2129 1412 2271 1477 loco
2310 1413 2390 1477 de
2427 1413 2509 1477 iis
2556 1412 2919 1479 diceremus

568 1518 680 1599 qui
725 1517 791 1583 in
839 1518 1112 1582 mediis
1162 1517 1608 1583 enuntiatis
1658 1523 1832 1597 sunt,
1884 1518 2095 1583 altero
2145 1520 2225 1584 de
2271 1518 2352 1584 iis
2400 1538 2563 1598 quos
2610 1519 2916 1584 enuntia-

570 1624 820 1689 tionum
887 1624 1290 1689 clausulae
1357 1624 1686 1690 exhibent.
1798 1624 2022 1691 Etiam
2076 1624 2146 1689 in
2193 1626 2318 1689 hac
2373 1624 2759 1704 quaestione
2814 1625 2921 1690 in-

571 1730 908 1797 stituenda
955 1731 1146 1797 valde
1193 1730 1273 1795 iis
1319 1730 1530 1795 adiuti
1577 1750 1801 1797 sumus
1846 1750 2019 1812 quae
2056 1730 2307 1795 Birtius
2356 1730 2418 1815 (l.
2455 1731 2496 1795 l.
2534 1750 2595 1811 p.
2640 1732 2791 1816 187)
2838 1732 2919 1797 de

569 1836 927 1901 Democriti
973 1855 1212 1919 genere
1260 1836 1518 1902 dicendi
1563 1836 1849 1917 scripsit.

743 1943 844 2007 Ac
882 1943 1158 2023 primum
1197 1942 1456 2028 quidem
1501 1943 1577 2008 in
1633 1943 1907 2009 mediis
1964 1942 2406 2008 enuntiatis
2452 1962 2757 2010 numeros
2803 1947 2917 2011 da-

571 2049 864 2131 ctylicOS‚
905 2068 1070 2129 quos
1109 2051 1193 2114 ab
1233 2057 1506 2114 auctore
1539 2049 1975 2114 nobilissimos
2013 2055 2081 2114 et
2116 2048 2593 2131 magnitudinis
2632 2050 2918 2115 efficien-

571 2163 672 2219 tes
738 2155 1063 2236 appellari
1133 2156 1431 2232 vidimuS,
1509 2156 1609 2220 his
1682 2156 2088 2237 repperimus
2160 2156 2353 2221 iocis:
2432 2157 2532 2237 10,
2585 2158 2625 2221 6
2697 2158 2919 2223 verbis

570 2266 948 2348 ἀκουόμενόν
994 2287 1048 2328 τι
1097 2262 1362 2343 dipodia
1407 2262 1804 2327 catalectica
1840 2262 1908 2327 in
1949 2263 2112 2327 duas
2149 2262 2457 2344 syllabaS,
2500 2264 2604 2327 cui
2642 2263 2918 2329 adonius

568 2387 796 2433 versus
835 2386 1069 2433 nomen
1109 2376 1228 2444 est,
1272 2370 1614 2434 formatur.
1703 2368 2019 2449 Tripodia
2057 2368 2449 2433 catalectica
2486 2369 2551 2433 in
2595 2370 2918 2451 syllabam

571 2474 822 2539 duobus
867 2474 1027 2539 locis
1065 2480 1313 2539 exstat:
1366 2476 1428 2553 2,
1464 2476 1543 2538 21
1587 2479 1646 2540 εἴ
1677 2500 1751 2561 γε
1788 2481 1857 2541 τὸ
1899 2480 2006 2561 μὲν
2044 2478 2312 2541 πιθανόν
2350 2481 2419 2539 et
2461 2477 2563 2556 15,
2598 2477 2639 2541 3
2679 2480 2919 2562 δάκρυα

570 2584 767 2667 δεσμὰ
813 2584 1014 2667 πάθη,
1065 2600 1210 2645 cum
1257 2580 1546 2661 tripodia
1592 2582 1988 2647 catalectica
2034 2581 2101 2645 in
2150 2582 2313 2645 duas
2360 2581 2653 2663 syllabas
2698 2582 2923 2648 verbis

571 2706 739 2766 quae
772 2689 830 2769 2,
855 2688 939 2752 28
973 2688 1309 2770 leguntur:
1343 2693 1453 2774 τὴν
1483 2701 1592 2753 τοῦ
1621 2690 1877 2774 ῥήτορος
1907 2690 2098 2765 εὐθὺς
2127 2685 2476 2752 efficiatur.
2533 2688 2650 2753 Bis
2676 2708 2923 2771 magna

572 2793 984 2875 dactylorum
1031 2793 1448 2859 coacervatio
1495 2794 1688 2859 nobis
1738 2793 1934 2859 obvia
1981 2799 2099 2874 est,
2164 2794 2265 2870 10,
2303 2797 2340 2858 7
2400 2794 2512 2858 ubi
2567 2794 2921 2876 tripodiam

572 2900 1028 2965 catalecticam
1074 2900 1142 2965 in
1191 2900 1510 2982 syllabam
1558 2906 1708 2987 πρὸς
1759 2903 2305 2988 μεγαλοφροσύνην
2362 2908 2431 2965 et
2478 2901 2921 2982 tetrapodiam

570 3008 1021 3073 catalecticam
1059 3007 1130 3071 in
1167 3009 1332 3073 duas
1369 3008 1657 3089 syllabas
1693 3010 2113 3094 ἐγκαταλείπῃ
2152 3020 2227 3094 τῇ
2266 3010 2504 3095 διανοίᾳ
2540 3008 2916 3088 reperimuS‚

571 3117 638 3177 et
687 3113 788 3192 10,
827 3096 928 3194 1'9,
979 3114 1092 3179 ubi
1128 3120 1279 3195 post
1317 3114 1623 3178 adonium
1662 3118 1856 3201 πηγαὶ
1894 3116 2048 3191 τινες
2086 3118 2235 3181 εἰσιν
2274 3114 2653 3195 tetrapodia
2692 3121 2923 3179 acata-

571 3219 807 3284 lectica
845 3220 1139 3286 auditur:
1181 3234 1290 3308 τῆς
1322 3221 1662 3307 ὑψηγορίας
1691 3221 2127 3306 γονιμώταται.
2196 3220 2665 3301 Tetrapodiam
2698 3228 2920 3286 autem

573 3325 1024 3391 catalecticam
1070 3327 1138 3392 in
1187 3328 1507 3409 syllabam
1558 3326 1658 3407 10,
1699 3328 1779 3389 17
1820 3325 2009 3391 nobis
2046 3326 2341 3391 videmur
2366 3329 2629 3409 legere:
2672 3334 2781 3415 τὴν
2820 3332 2920 3394 ἐπὶ

570 3443 658 3519 τῷ
698 3436 1175 3521 θαυμαζομένῳ.
1271 3433 1442 3516 Quin
1505 3432 1704 3497 etiam
1764 3434 1867 3512 27,
1905 3432 1990 3498 20
2050 3433 2455 3513 pentapodia
2516 3436 2599 3498 ab
2648 3440 2919 3499 auctore

570 3538 727 3602 ficta
774 3543 902 3603 est:
965 3544 1155 3625 ὄγκου
1201 3545 1308 3606 καὶ
1355 3542 1808 3628 μεγαληγορίας
1854 3544 1961 3605 καὶ
2008 3543 2265 3626 ἀγῶνος.
2360 3539 2479 3604 Cui
2525 3540 2669 3604 loeo
2718 3541 2918 3605 adda-

570 3663 710 3709 mus
760 3645 862 3725 16,
902 3646 959 3724 7,
1009 3646 1123 3710 ubi
1169 3646 1440 3726 spondei
1486 3646 1652 3726 pede
1708 3646 2035 3727 dactylico
2091 3645 2690 3726 interrumpuntur:
2751 3652 2919 3733 αὐτῷ

570 3757 679 3838 τὴν
725 3763 847 3818 τῶν
885 3750 1201 3837 Ἑλλήνων
1247 3756 1474 3840 ἐπέχει.

748 3860 954 3923 Multo
1001 3864 1222 3922 autem
1265 3859 1559 3940 pluribus
1604 3858 1760 3924 locis
1806 3858 2090 3924 auctoris
2126 3859 2335 3923 oratio
2370 3858 2677 3923 iambicos
2723 3861 2921 3939 pedes

574 3964 874 4030 continet.
967 3965 1370 4048 Quamquam
1406 3965 1545 4046 ipse
1581 3965 2197 4047 Pseudo-Longinus
2244 3969 2323 4030 de
2363 3985 2435 4030 eo
2482 3984 2745 4029 numero
2792 3984 2919 4031 non

571 4070 872 4153 loquitur,
918 4076 1139 4136 tamen
1175 4075 1332 4151 puto
1380 4091 1460 4135 ex
1508 4091 1580 4135 eo
1628 4074 1796 4151 quod
1841 4071 1910 4135 in
1946 4072 2072 4135 fine
2120 4071 2351 4152 capitis
2388 4073 2529 4154 XL,
2578 4076 2919 4152 postquam

571 4178 780 4241 locum
835 4178 1258 4258 Euripideum
1311 4177 1627 4259 laudavit,
1685 4180 1766 4241 de
1820 4196 2085 4242 numero
2141 4196 2267 4241 non
2321 4176 2509 4242 nimis
2562 4176 2919 4241 festinante

573 4282 749 4366 dicit,
805 4302 990 4364 posse
1046 4285 1336 4349 concludi
1393 4303 1536 4349 eum
1591 4283 1983 4365 praetulisse
2042 4302 2123 4348 ea
2169 4290 2381 4347 metra
2425 4282 2707 4347 iambica
2754 4302 2923 4363 quae

573 4389 770 4453 certis
828 4389 983 4454 locis
1043 4393 1392 4471 spondeum
1450 4409 1567 4471 pro
1623 4390 1840 4455 iambo
1890 4368 2213 4454 exhibent.
2306 4389 2384 4452 In
2436 4388 2919 4454 enumeratione

2526 4511 2599 4563 ὃ*
