<?xml version="1.0" encoding="UTF-8"?>
<!DOCTYPE html PUBLIC "-//W3C//DTD XHTML 1.0 Transitional//EN"
    "http://www.w3.org/TR/xhtml1/DTD/xhtml1-transitional.dtd">
<html xmlns="http://www.w3.org/1999/xhtml" xml:lang="en" lang="en">
 <head>
  <title>
</title>
<meta http-equiv="Content-Type" content="text/html;charset=utf-8" />
  <meta name='ocr-system' content='tesseract 3.04.00' />
  <meta name='ocr-capabilities' content='ocr_page ocr_carea ocr_par ocr_line ocrx_word'/>
</head>
<body>
  <div class='ocr_page' id='page_1' title='image "./deanonymiperihy01freygoog_0020.png"; bbox 0 0 3417 5059; ppageno 0'>
   <div class='ocr_carea' id='block_1_1' title="bbox 1405 334 1849 399">
    <p class='ocr_par' dir='ltr' id='par_1_1' title="bbox 1405 334 1849 399">
     <span class='ocr_line' id='line_1_1' title="bbox 1405 334 1849 399; baseline -0.005 -16"><span class='ocrx_word' id='word_1_1' title='bbox 1405 334 1849 399; x_wconf 53' lang='grc'><strong>,17-</strong></span> 
     </span>
    </p>
   </div>
   <div class='ocr_carea' id='block_1_2' title="bbox 402 526 2757 4563">
    <p class='ocr_par' dir='ltr' id='par_1_2' title="bbox 402 526 2757 2537">
     <span class='ocr_line' id='line_1_2' title="bbox 408 526 2755 612; baseline -0 -18"><span class='ocrx_word' id='word_1_2' title='bbox 408 529 476 594; x_wconf 89' lang='lat' dir='ltr'>in</span> <span class='ocrx_word' id='word_1_3' title='bbox 514 529 594 595; x_wconf 92' lang='lat' dir='ltr'>iis</span> <span class='ocrx_word' id='word_1_4' title='bbox 633 530 794 595; x_wconf 87' lang='lat' dir='ltr'>nihil</span> <span class='ocrx_word' id='word_1_5' title='bbox 824 530 1241 596; x_wconf 81' lang='lat' dir='ltr'>memorabile</span> <span class='ocrx_word' id='word_1_6' title='bbox 1282 550 1426 596; x_wconf 84' lang='lat' dir='ltr'>esse</span> <span class='ocrx_word' id='word_1_7' title='bbox 1466 535 1931 612; x_wconf 78' lang='lat' dir='ltr'>praeterquam</span> <span class='ocrx_word' id='word_1_8' title='bbox 1963 530 2445 596; x_wconf 78' lang='lat' dir='ltr'>multitudinem</span> <span class='ocrx_word' id='word_1_9' title='bbox 2476 528 2545 593; x_wconf 94' lang='lat' dir='ltr'>in</span> <span class='ocrx_word' id='word_1_10' title='bbox 2582 526 2755 595; x_wconf 88' lang='lat' dir='ltr'>tanti</span> 
     </span>
     <span class='ocr_line' id='line_1_3' title="bbox 405 637 2753 723; baseline 0.001 -22"><span class='ocrx_word' id='word_1_11' title='bbox 405 638 651 702; x_wconf 87' lang='lat' dir='ltr'>moduli</span> <span class='ocrx_word' id='word_1_12' title='bbox 696 637 912 703; x_wconf 87' lang='lat' dir='ltr'>libello</span> <span class='ocrx_word' id='word_1_13' title='bbox 975 657 1106 702; x_wconf 90' lang='lat' dir='ltr'>non</span> <span class='ocrx_word' id='word_1_14' title='bbox 1154 637 1398 703; x_wconf 89' lang='lat' dir='ltr'>iniuria</span> <span class='ocrx_word' id='word_1_15' title='bbox 1446 638 1612 703; x_wconf 85' lang='lat' dir='ltr'>dixit</span> <span class='ocrx_word' id='word_1_16' title='bbox 1661 638 1795 723; x_wconf 82' lang='grc'><strong>(1.1.</strong></span> <span class='ocrx_word' id='word_1_17' title='bbox 1834 658 1894 719; x_wconf 89' lang='lat' dir='ltr'>p.</span> <span class='ocrx_word' id='word_1_18' title='bbox 1928 639 2011 719; x_wconf 89' lang='grc'>4).</span> <span class='ocrx_word' id='word_1_19' title='bbox 2106 638 2264 703; x_wconf 88' lang='lat' dir='ltr'>Cum</span> <span class='ocrx_word' id='word_1_20' title='bbox 2312 656 2467 703; x_wconf 91' lang='lat' dir='ltr'>vero</span> <span class='ocrx_word' id='word_1_21' title='bbox 2516 657 2753 718; x_wconf 90' lang='lat' dir='ltr'>paren-</span> 
     </span>
     <span class='ocr_line' id='line_1_4' title="bbox 407 744 2755 826; baseline 0 -18"><span class='ocrx_word' id='word_1_22' title='bbox 407 745 629 809; x_wconf 87' lang='lat' dir='ltr'>theses</span> <span class='ocrx_word' id='word_1_23' title='bbox 679 746 763 809; x_wconf 88' lang='lat' dir='ltr'>ad</span> <span class='ocrx_word' id='word_1_24' title='bbox 803 764 945 809; x_wconf 90' lang='lat' dir='ltr'>eam</span> <span class='ocrx_word' id='word_1_25' title='bbox 986 745 1584 826; x_wconf 82' lang='lat' dir='ltr'>comprehensionis</span> <span class='ocrx_word' id='word_1_26' title='bbox 1624 751 1880 826; x_wconf 88' lang='lat' dir='ltr'>partem</span> <span class='ocrx_word' id='word_1_27' title='bbox 1922 764 2089 825; x_wconf 88' lang='lat' dir='ltr'>quae</span> <span class='ocrx_word' id='word_1_28' title='bbox 2128 744 2467 826; x_wconf 90' lang='lat' dir='ltr'>praecedit</span> <span class='ocrx_word' id='word_1_29' title='bbox 2504 750 2622 810; x_wconf 87' lang='lat' dir='ltr'>aut</span> <span class='ocrx_word' id='word_1_30' title='bbox 2671 746 2755 809; x_wconf 91' lang='lat' dir='ltr'>ad</span> 
     </span>
     <span class='ocr_line' id='line_1_5' title="bbox 408 851 2753 934; baseline 0 -19"><span class='ocrx_word' id='word_1_31' title='bbox 408 871 550 916; x_wconf 91' lang='lat' dir='ltr'>eam</span> <span class='ocrx_word' id='word_1_32' title='bbox 613 870 781 933; x_wconf 89' lang='lat' dir='ltr'>quae</span> <span class='ocrx_word' id='word_1_33' title='bbox 848 852 1146 932; x_wconf 87' lang='lat' dir='ltr'>sequitur</span> <span class='ocrx_word' id='word_1_34' title='bbox 1210 852 1602 918; x_wconf 83' lang='lat' dir='ltr'>referendae</span> <span class='ocrx_word' id='word_1_35' title='bbox 1667 852 1820 934; x_wconf 87' lang='lat' dir='ltr'>sint,</span> <span class='ocrx_word' id='word_1_36' title='bbox 1901 852 2213 918; x_wconf 82' lang='lat' dir='ltr'>tredecim</span> <span class='ocrx_word' id='word_1_37' title='bbox 2277 870 2423 917; x_wconf 86' lang='lat' dir='ltr'>mea</span> <span class='ocrx_word' id='word_1_38' title='bbox 2498 851 2753 932; x_wconf 90' lang='lat' dir='ltr'>quidem</span> 
     </span>
     <span class='ocr_line' id='line_1_6' title="bbox 407 958 2752 1041; baseline 0 -19"><span class='ocrx_word' id='word_1_39' title='bbox 407 958 740 1024; x_wconf 86' lang='lat' dir='ltr'>sententia</span> <span class='ocrx_word' id='word_1_40' title='bbox 817 959 1272 1040; x_wconf 89' lang='lat' dir='ltr'>praecedentis</span> <span class='ocrx_word' id='word_1_41' title='bbox 1349 959 1562 1041; x_wconf 89' lang='lat' dir='ltr'>partis</span> <span class='ocrx_word' id='word_1_42' title='bbox 1640 959 2039 1025; x_wconf 89' lang='lat' dir='ltr'>sententiam</span> <span class='ocrx_word' id='word_1_43' title='bbox 2114 960 2371 1040; x_wconf 85' lang='lat' dir='ltr'>plenam</span> <span class='ocrx_word' id='word_1_44' title='bbox 2449 959 2752 1039; x_wconf 89' lang='lat' dir='ltr'>reddunt,</span> 
     </span>
     <span class='ocr_line' id='line_1_7' title="bbox 408 1065 2755 1148; baseline 0 -19"><span class='ocrx_word' id='word_1_45' title='bbox 408 1071 658 1146; x_wconf 85' lang='lat' dir='ltr'>septem</span> <span class='ocrx_word' id='word_1_46' title='bbox 704 1066 995 1146; x_wconf 89' lang='lat' dir='ltr'>reliquae</span> <span class='ocrx_word' id='word_1_47' title='bbox 1043 1066 1182 1131; x_wconf 85' lang='lat' dir='ltr'>eius</span> <span class='ocrx_word' id='word_1_48' title='bbox 1231 1087 1399 1147; x_wconf 90' lang='lat' dir='ltr'>quae</span> <span class='ocrx_word' id='word_1_49' title='bbox 1447 1067 1763 1148; x_wconf 89' lang='lat' dir='ltr'>sequitur.</span> <span class='ocrx_word' id='word_1_50' title='bbox 1856 1066 2147 1147; x_wconf 77' lang='lat' dir='ltr'>Quarum</span> <span class='ocrx_word' id='word_1_51' title='bbox 2210 1066 2362 1131; x_wconf 90' lang='lat' dir='ltr'>illae</span> <span class='ocrx_word' id='word_1_52' title='bbox 2425 1066 2529 1131; x_wconf 92' lang='lat' dir='ltr'>his</span> <span class='ocrx_word' id='word_1_53' title='bbox 2592 1065 2755 1130; x_wconf 90' lang='lat' dir='ltr'>locis</span> 
     </span>
     <span class='ocr_line' id='line_1_8' title="bbox 406 1173 2751 1256; baseline 0 -20"><span class='ocrx_word' id='word_1_54' title='bbox 406 1176 705 1237; x_wconf 89' lang='lat' dir='ltr'>exstant:</span> <span class='ocrx_word' id='word_1_55' title='bbox 752 1175 1002 1253; x_wconf 85' lang='grc'><strong>16,11,</strong></span> <span class='ocrx_word' id='word_1_56' title='bbox 1055 1176 1158 1252; x_wconf 94' lang='grc'>21,</span> <span class='ocrx_word' id='word_1_57' title='bbox 1195 1175 1262 1255; x_wconf 85' lang='grc'>6,</span> <span class='ocrx_word' id='word_1_58' title='bbox 1297 1175 1402 1255; x_wconf 86' lang='grc'>23,</span> <span class='ocrx_word' id='word_1_59' title='bbox 1448 1176 1558 1256; x_wconf 92' lang='grc'>11,</span> <span class='ocrx_word' id='word_1_60' title='bbox 1609 1174 1715 1255; x_wconf 84' lang='grc'>23,</span> <span class='ocrx_word' id='word_1_61' title='bbox 1748 1175 1858 1253; x_wconf 88' lang='grc'>18;</span> <span class='ocrx_word' id='word_1_62' title='bbox 1909 1173 2156 1254; x_wconf 89' lang='grc' dir='ltr'><strong>25,1Ο,</strong></span> <span class='ocrx_word' id='word_1_63' title='bbox 2208 1174 2456 1253; x_wconf 89' lang='grc'><strong>29,18,</strong></span> <span class='ocrx_word' id='word_1_64' title='bbox 2508 1174 2751 1255; x_wconf 88' lang='grc'><strong>36,11,</strong></span> 
     </span>
     <span class='ocr_line' id='line_1_9' title="bbox 405 1278 2757 1361; baseline 0 -19"><span class='ocrx_word' id='word_1_65' title='bbox 405 1280 509 1359; x_wconf 93' lang='grc'><strong>37,</strong></span> <span class='ocrx_word' id='word_1_66' title='bbox 550 1282 660 1360; x_wconf 94' lang='grc'>11,</span> <span class='ocrx_word' id='word_1_67' title='bbox 703 1281 806 1359; x_wconf 92' lang='grc'><strong>38,</strong></span> <span class='ocrx_word' id='word_1_68' title='bbox 837 1282 904 1360; x_wconf 99' lang='grc'><strong>7,</strong></span> <span class='ocrx_word' id='word_1_69' title='bbox 947 1280 1051 1361; x_wconf 92' lang='grc'><strong>54,</strong></span> <span class='ocrx_word' id='word_1_70' title='bbox 1080 1282 1149 1360; x_wconf 95' lang='grc'><strong>9,</strong></span> <span class='ocrx_word' id='word_1_71' title='bbox 1192 1282 1296 1360; x_wconf 90' lang='grc'><strong>54,</strong></span> <span class='ocrx_word' id='word_1_72' title='bbox 1324 1282 1433 1361; x_wconf 90' lang='grc'>14,</span> <span class='ocrx_word' id='word_1_73' title='bbox 1469 1280 1572 1361; x_wconf 90' lang='grc'><strong>57,</strong></span> <span class='ocrx_word' id='word_1_74' title='bbox 1602 1282 1670 1359; x_wconf 87' lang='grc'><strong>8,</strong></span> <span class='ocrx_word' id='word_1_75' title='bbox 1704 1282 1809 1361; x_wconf 87' lang='grc'>66,</span> <span class='ocrx_word' id='word_1_76' title='bbox 1834 1281 1903 1361; x_wconf 92' lang='grc'>6,</span> <span class='ocrx_word' id='word_1_77' title='bbox 1938 1281 2042 1360; x_wconf 91' lang='grc'>69,</span> <span class='ocrx_word' id='word_1_78' title='bbox 2067 1281 2137 1361; x_wconf 86' lang='grc'><strong>9,</strong></span> <span class='ocrx_word' id='word_1_79' title='bbox 2172 1281 2298 1345; x_wconf 86' lang='lat' dir='ltr'>hae</span> <span class='ocrx_word' id='word_1_80' title='bbox 2328 1278 2757 1347; x_wconf 87' lang='lat' dir='ltr'>inveniuntur</span> 
     </span>
     <span class='ocr_line' id='line_1_10' title="bbox 404 1385 2754 1469; baseline 0 -19"><span class='ocrx_word' id='word_1_81' title='bbox 404 1386 506 1451; x_wconf 91' lang='lat' dir='ltr'>his</span> <span class='ocrx_word' id='word_1_82' title='bbox 545 1386 733 1451; x_wconf 91' lang='lat' dir='ltr'>locis:</span> <span class='ocrx_word' id='word_1_83' title='bbox 788 1388 891 1466; x_wconf 90' lang='grc'><strong>15,</strong></span> <span class='ocrx_word' id='word_1_84' title='bbox 926 1388 994 1466; x_wconf 89' lang='grc'><strong>9,</strong></span> <span class='ocrx_word' id='word_1_85' title='bbox 1049 1389 1151 1466; x_wconf 89' lang='grc'><strong>17,</strong></span> <span class='ocrx_word' id='word_1_86' title='bbox 1190 1390 1255 1467; x_wconf 93' lang='grc'>1,</span> <span class='ocrx_word' id='word_1_87' title='bbox 1307 1389 1411 1469; x_wconf 89' lang='grc'>24,</span> <span class='ocrx_word' id='word_1_88' title='bbox 1455 1390 1567 1467; x_wconf 93' lang='grc'>21,</span> <span class='ocrx_word' id='word_1_89' title='bbox 1619 1387 1724 1469; x_wconf 86' lang='grc'><strong>35,</strong></span> <span class='ocrx_word' id='word_1_90' title='bbox 1774 1389 1885 1468; x_wconf 91' lang='grc'><strong>19,</strong></span> <span class='ocrx_word' id='word_1_91' title='bbox 1936 1387 2040 1467; x_wconf 88' lang='grc'><strong>43,</strong></span> <span class='ocrx_word' id='word_1_92' title='bbox 2078 1388 2189 1466; x_wconf 90' lang='grc'><strong>22,</strong></span> <span class='ocrx_word' id='word_1_93' title='bbox 2241 1387 2345 1467; x_wconf 89' lang='grc'><strong>57,</strong></span> <span class='ocrx_word' id='word_1_94' title='bbox 2391 1388 2459 1465; x_wconf 88' lang='grc'><strong>8,</strong></span> <span class='ocrx_word' id='word_1_95' title='bbox 2511 1386 2615 1468; x_wconf 86' lang='grc'><strong>57,</strong></span> <span class='ocrx_word' id='word_1_96' title='bbox 2655 1385 2754 1451; x_wconf 89' lang='grc'>15.</span> 
     </span>
     <span class='ocr_line' id='line_1_11' title="bbox 402 1492 2755 1575; baseline 0 -18"><span class='ocrx_word' id='word_1_97' title='bbox 402 1492 657 1558; x_wconf 87' lang='lat' dir='ltr'>Deinde</span> <span class='ocrx_word' id='word_1_98' title='bbox 712 1494 768 1558; x_wconf 90' lang='lat' dir='ltr'>si</span> <span class='ocrx_word' id='word_1_99' title='bbox 814 1494 1154 1573; x_wconf 89' lang='lat' dir='ltr'>quaeritur</span> <span class='ocrx_word' id='word_1_100' title='bbox 1201 1514 1369 1575; x_wconf 89' lang='lat' dir='ltr'>qnae</span> <span class='ocrx_word' id='word_1_101' title='bbox 1415 1495 1783 1575; x_wconf 81' lang='lat' dir='ltr'>particulae</span> <span class='ocrx_word' id='word_1_102' title='bbox 1829 1494 1957 1559; x_wconf 89' lang='lat' dir='ltr'>illis</span> <span class='ocrx_word' id='word_1_103' title='bbox 2003 1493 2509 1575; x_wconf 87' lang='lat' dir='ltr'>parenthesibus</span> <span class='ocrx_word' id='word_1_104' title='bbox 2566 1512 2755 1574; x_wconf 86' lang='lat' dir='ltr'>prae-</span> 
     </span>
     <span class='ocr_line' id='line_1_12' title="bbox 404 1600 2755 1683; baseline 0 -19"><span class='ocrx_word' id='word_1_105' title='bbox 404 1606 738 1681; x_wconf 86' lang='lat' dir='ltr'>ponantur</span> <span class='ocrx_word' id='word_1_106' title='bbox 784 1600 889 1667; x_wconf 90' lang='lat' dir='ltr'>vel</span> <span class='ocrx_word' id='word_1_107' title='bbox 935 1600 1378 1683; x_wconf 88' lang='lat' dir='ltr'>inmittantur,</span> <span class='ocrx_word' id='word_1_108' title='bbox 1438 1603 1607 1667; x_wconf 89' lang='lat' dir='ltr'>duae</span> <span class='ocrx_word' id='word_1_109' title='bbox 1654 1640 1740 1647; x_wconf 95' lang='lat'>-—</span> <span class='ocrx_word' id='word_1_110' title='bbox 1772 1602 1894 1683; x_wconf 91' lang='grc'><strong>29,</strong></span> <span class='ocrx_word' id='word_1_111' title='bbox 1949 1602 2030 1665; x_wconf 88' lang='grc'>18</span> <span class='ocrx_word' id='word_1_112' title='bbox 2079 1605 2148 1665; x_wconf 93' lang='lat' dir='ltr'>et</span> <span class='ocrx_word' id='word_1_113' title='bbox 2193 1602 2297 1681; x_wconf 88' lang='grc'><strong>66,</strong></span> <span class='ocrx_word' id='word_1_114' title='bbox 2334 1602 2373 1664; x_wconf 90' lang='grc'><strong>6</strong></span> <span class='ocrx_word' id='word_1_115' title='bbox 2422 1640 2507 1647; x_wconf 94' lang='grc'><strong>-</strong></span> <span class='ocrx_word' id='word_1_116' title='bbox 2546 1600 2755 1681; x_wconf 91' lang='lat' dir='ltr'>parti-</span> 
     </span>
     <span class='ocr_line' id='line_1_13' title="bbox 405 1707 2756 1789; baseline -0 -18"><span class='ocrx_word' id='word_1_117' title='bbox 405 1708 552 1772; x_wconf 89' lang='lat' dir='ltr'>cula</span> <span class='ocrx_word' id='word_1_118' title='bbox 607 1713 866 1788; x_wconf 88' lang='lat' dir='ltr'>carent;</span> <span class='ocrx_word' id='word_1_119' title='bbox 924 1707 990 1772; x_wconf 90' lang='lat' dir='ltr'>in</span> <span class='ocrx_word' id='word_1_120' title='bbox 1050 1727 1183 1772; x_wconf 92' lang='lat' dir='ltr'>una</span> <span class='ocrx_word' id='word_1_121' title='bbox 1229 1748 1309 1753; x_wconf 97' lang='lat'><strong>—</strong></span> <span class='ocrx_word' id='word_1_122' title='bbox 1363 1709 1467 1788; x_wconf 89' lang='grc'><strong>54,</strong></span> <span class='ocrx_word' id='word_1_123' title='bbox 1513 1710 1573 1789; x_wconf 89' lang='grc'><strong>9,</strong></span> <span class='ocrx_word' id='word_1_124' title='bbox 1639 1726 1770 1789; x_wconf 90' lang='lat' dir='ltr'>qna</span> <span class='ocrx_word' id='word_1_125' title='bbox 1827 1708 2156 1773; x_wconf 88' lang='lat' dir='ltr'>sententia</span> <span class='ocrx_word' id='word_1_126' title='bbox 2205 1726 2374 1787; x_wconf 91' lang='lat' dir='ltr'>quae</span> <span class='ocrx_word' id='word_1_127' title='bbox 2422 1707 2756 1772; x_wconf 89' lang='lat' dir='ltr'>antecedit</span> 
     </span>
     <span class='ocr_line' id='line_1_14' title="bbox 405 1814 2753 1902; baseline 0 -24"><span class='ocrx_word' id='word_1_128' title='bbox 405 1814 708 1895; x_wconf 88' lang='lat' dir='ltr'>expletur</span> <span class='ocrx_word' id='word_1_129' title='bbox 753 1853 842 1860; x_wconf 91' lang='lat'>—</span> <span class='ocrx_word' id='word_1_130' title='bbox 888 1829 1036 1902; x_wconf 81' lang='grc' dir='ltr'>γοῦν</span> <span class='ocrx_word' id='word_1_131' title='bbox 1094 1815 1424 1896; x_wconf 90' lang='lat' dir='ltr'>particula</span> <span class='ocrx_word' id='word_1_132' title='bbox 1485 1821 1737 1895; x_wconf 83' lang='lat' dir='ltr'>exstat3</span> <span class='ocrx_word' id='word_1_133' title='bbox 1812 1820 1879 1881; x_wconf 86' lang='grc' dir='ltr'>δὲ</span> <span class='ocrx_word' id='word_1_134' title='bbox 1941 1814 2041 1879; x_wconf 87' lang='lat' dir='ltr'>bis</span> <span class='ocrx_word' id='word_1_135' title='bbox 2106 1814 2467 1895; x_wconf 85' lang='lat' dir='ltr'>reperimus</span> <span class='ocrx_word' id='word_1_136' title='bbox 2532 1815 2662 1897; x_wconf 89' lang='lat'>(15,</span> <span class='ocrx_word' id='word_1_137' title='bbox 2714 1815 2753 1878; x_wconf 92' lang='grc'><strong>9</strong></span> 
     </span>
     <span class='ocr_line' id='line_1_15' title="bbox 403 1921 2754 2005; baseline -0 -19"><span class='ocrx_word' id='word_1_138' title='bbox 403 1928 470 1986; x_wconf 90' lang='lat' dir='ltr'>et</span> <span class='ocrx_word' id='word_1_139' title='bbox 517 1923 621 2004; x_wconf 89' lang='grc'><strong>24,</strong></span> <span class='ocrx_word' id='word_1_140' title='bbox 657 1921 787 2005; x_wconf 92' lang='grc'><strong>21).</strong></span> <span class='ocrx_word' id='word_1_141' title='bbox 894 1922 1020 1987; x_wconf 88' lang='lat' dir='ltr'>Sed</span> <span class='ocrx_word' id='word_1_142' title='bbox 1086 1922 1612 2003; x_wconf 88' lang='lat' dir='ltr'>quattuordecim</span> <span class='ocrx_word' id='word_1_143' title='bbox 1678 1922 2206 2003; x_wconf 84' lang='lat' dir='ltr'>parenthesibuS‚</span> <span class='ocrx_word' id='word_1_144' title='bbox 2271 1922 2467 2004; x_wconf 85' lang='lat' dir='ltr'>longe</span> <span class='ocrx_word' id='word_1_145' title='bbox 2521 1921 2754 1987; x_wconf 86' lang='lat' dir='ltr'>maiori</span> 
     </span>
     <span class='ocr_line' id='line_1_16' title="bbox 402 2028 2753 2116; baseline 0 -24"><span class='ocrx_word' id='word_1_146' title='bbox 402 2028 600 2110; x_wconf 84' lang='lat' dir='ltr'>parti,</span> <span class='ocrx_word' id='word_1_147' title='bbox 668 2035 786 2116; x_wconf 83' lang='grc' dir='ltr'>γὰρ</span> <span class='ocrx_word' id='word_1_148' title='bbox 843 2031 1171 2110; x_wconf 89' lang='lat' dir='ltr'>particula</span> <span class='ocrx_word' id='word_1_149' title='bbox 1235 2030 1489 2095; x_wconf 87' lang='lat' dir='ltr'>inserta</span> <span class='ocrx_word' id='word_1_150' title='bbox 1554 2034 1673 2095; x_wconf 87' lang='lat' dir='ltr'>est.</span> <span class='ocrx_word' id='word_1_151' title='bbox 1768 2029 1953 2111; x_wconf 72' lang='lat' dir='ltr'>Quae</span> <span class='ocrx_word' id='word_1_152' title='bbox 2015 2028 2275 2110; x_wconf 91' lang='lat' dir='ltr'>quidem</span> <span class='ocrx_word' id='word_1_153' title='bbox 2321 2030 2753 2109; x_wconf 88' lang='lat' dir='ltr'>parentheses</span> 
     </span>
     <span class='ocr_line' id='line_1_17' title="bbox 405 2135 2755 2217; baseline 0 -18"><span class='ocrx_word' id='word_1_154' title='bbox 405 2154 534 2199; x_wconf 89' lang='lat' dir='ltr'>non</span> <span class='ocrx_word' id='word_1_155' title='bbox 576 2154 797 2200; x_wconf 87' lang='lat' dir='ltr'>omnes</span> <span class='ocrx_word' id='word_1_156' title='bbox 838 2136 923 2199; x_wconf 91' lang='lat' dir='ltr'>ad</span> <span class='ocrx_word' id='word_1_157' title='bbox 962 2137 1358 2201; x_wconf 88' lang='lat' dir='ltr'>sententiam</span> <span class='ocrx_word' id='word_1_158' title='bbox 1407 2156 1576 2217; x_wconf 92' lang='lat' dir='ltr'>quae</span> <span class='ocrx_word' id='word_1_159' title='bbox 1624 2135 1961 2200; x_wconf 86' lang='lat' dir='ltr'>antecedit</span> <span class='ocrx_word' id='word_1_160' title='bbox 2009 2140 2349 2217; x_wconf 85' lang='lat' dir='ltr'>spectant3</span> <span class='ocrx_word' id='word_1_161' title='bbox 2398 2136 2755 2201; x_wconf 86' lang='lat' dir='ltr'>nonnullae</span> 
     </span>
     <span class='ocr_line' id='line_1_18' title="bbox 405 2242 2751 2334; baseline 0 -29"><span class='ocrx_word' id='word_1_162' title='bbox 405 2242 604 2306; x_wconf 87' lang='lat' dir='ltr'>etiam</span> <span class='ocrx_word' id='word_1_163' title='bbox 651 2242 735 2334; x_wconf 87' lang='lat' dir='ltr'>ad</span> <span class='ocrx_word' id='word_1_164' title='bbox 784 2261 928 2306; x_wconf 92' lang='lat' dir='ltr'>eam</span> <span class='ocrx_word' id='word_1_165' title='bbox 974 2262 1142 2323; x_wconf 90' lang='lat' dir='ltr'>quae</span> <span class='ocrx_word' id='word_1_166' title='bbox 1190 2243 1488 2323; x_wconf 87' lang='lat' dir='ltr'>sequitur</span> <span class='ocrx_word' id='word_1_167' title='bbox 1518 2242 1914 2308; x_wconf 86' lang='lat' dir='ltr'>referendae</span> <span class='ocrx_word' id='word_1_168' title='bbox 1946 2246 2120 2308; x_wconf 87' lang='lat' dir='ltr'>sunt.</span> <span class='ocrx_word' id='word_1_169' title='bbox 2192 2242 2359 2307; x_wconf 91' lang='lat' dir='ltr'>Nam</span> <span class='ocrx_word' id='word_1_170' title='bbox 2390 2248 2509 2330; x_wconf 84' lang='grc' dir='ltr'>γὰρ</span> <span class='ocrx_word' id='word_1_171' title='bbox 2542 2242 2751 2323; x_wconf 89' lang='lat' dir='ltr'>parti-</span> 
     </span>
     <span class='ocr_line' id='line_1_19' title="bbox 406 2349 2753 2431; baseline 0.001 -18"><span class='ocrx_word' id='word_1_172' title='bbox 406 2350 590 2413; x_wconf 89' lang='lat' dir='ltr'>culae</span> <span class='ocrx_word' id='word_1_173' title='bbox 638 2355 882 2414; x_wconf 85' lang='lat' dir='ltr'>natura</span> <span class='ocrx_word' id='word_1_174' title='bbox 929 2355 1050 2431; x_wconf 89' lang='lat' dir='ltr'>est,</span> <span class='ocrx_word' id='word_1_175' title='bbox 1114 2356 1189 2415; x_wconf 91' lang='lat' dir='ltr'>ut</span> <span class='ocrx_word' id='word_1_176' title='bbox 1249 2370 1376 2414; x_wconf 91' lang='lat' dir='ltr'>non</span> <span class='ocrx_word' id='word_1_177' title='bbox 1440 2352 1630 2416; x_wconf 86' lang='lat' dir='ltr'>modo</span> <span class='ocrx_word' id='word_1_178' title='bbox 1691 2349 2061 2415; x_wconf 85' lang='lat' dir='ltr'>sententias</span> <span class='ocrx_word' id='word_1_179' title='bbox 2121 2368 2291 2430; x_wconf 90' lang='lat' dir='ltr'>quae</span> <span class='ocrx_word' id='word_1_180' title='bbox 2348 2351 2753 2415; x_wconf 90' lang='lat' dir='ltr'>antecedunt</span> 
     </span>
     <span class='ocr_line' id='line_1_20' title="bbox 405 2455 2433 2537; baseline -0 -16"><span class='ocrx_word' id='word_1_181' title='bbox 405 2455 704 2537; x_wconf 87' lang='lat' dir='ltr'>explicet,</span> <span class='ocrx_word' id='word_1_182' title='bbox 754 2476 980 2522; x_wconf 89' lang='lat' dir='ltr'>verum</span> <span class='ocrx_word' id='word_1_183' title='bbox 1028 2456 1226 2521; x_wconf 90' lang='lat' dir='ltr'>etiam</span> <span class='ocrx_word' id='word_1_184' title='bbox 1273 2476 1387 2522; x_wconf 89' lang='lat' dir='ltr'>eas</span> <span class='ocrx_word' id='word_1_185' title='bbox 1435 2476 1602 2537; x_wconf 89' lang='lat' dir='ltr'>quae</span> <span class='ocrx_word' id='word_1_186' title='bbox 1651 2461 2017 2537; x_wconf 89' lang='lat' dir='ltr'>sequuntur</span> <span class='ocrx_word' id='word_1_187' title='bbox 2063 2462 2433 2537; x_wconf 87' lang='lat' dir='ltr'>praeparet.</span> 
     </span>
    </p>

    <p class='ocr_par' dir='ltr' id='par_1_3' title="bbox 405 2563 2753 3080">
     <span class='ocr_line' id='line_1_21' title="bbox 581 2563 2753 2644; baseline 0.001 -17"><span class='ocrx_word' id='word_1_188' title='bbox 581 2565 724 2628; x_wconf 90' lang='lat' dir='ltr'>Iam</span> <span class='ocrx_word' id='word_1_189' title='bbox 782 2563 958 2627; x_wconf 90' lang='lat' dir='ltr'>illam</span> <span class='ocrx_word' id='word_1_190' title='bbox 1019 2564 1470 2644; x_wconf 87' lang='lat' dir='ltr'>quaestionem</span> <span class='ocrx_word' id='word_1_191' title='bbox 1525 2569 1889 2629; x_wconf 88' lang='lat' dir='ltr'>tractemus</span> <span class='ocrx_word' id='word_1_192' title='bbox 1946 2565 2265 2644; x_wconf 91' lang='lat' dir='ltr'>quomodo</span> <span class='ocrx_word' id='word_1_193' title='bbox 2322 2564 2753 2644; x_wconf 89' lang='lat' dir='ltr'>parentheses</span> 
     </span>
     <span class='ocr_line' id='line_1_22' title="bbox 405 2670 2752 2752; baseline 0 -17"><span class='ocrx_word' id='word_1_194' title='bbox 405 2672 474 2736; x_wconf 93' lang='lat' dir='ltr'>in</span> <span class='ocrx_word' id='word_1_195' title='bbox 521 2676 663 2735; x_wconf 92' lang='lat' dir='ltr'>toto</span> <span class='ocrx_word' id='word_1_196' title='bbox 714 2671 1191 2737; x_wconf 87' lang='lat' dir='ltr'>sententiarum</span> <span class='ocrx_word' id='word_1_197' title='bbox 1238 2676 1554 2736; x_wconf 89' lang='lat' dir='ltr'>contextu</span> <span class='ocrx_word' id='word_1_198' title='bbox 1602 2671 1860 2752; x_wconf 88' lang='lat' dir='ltr'>positae</span> <span class='ocrx_word' id='word_1_199' title='bbox 1908 2671 2058 2737; x_wconf 90' lang='lat' dir='ltr'>sint.</span> <span class='ocrx_word' id='word_1_200' title='bbox 2149 2672 2250 2735; x_wconf 92' lang='lat' dir='ltr'>Ac</span> <span class='ocrx_word' id='word_1_201' title='bbox 2297 2670 2563 2735; x_wconf 86' lang='lat' dir='ltr'>dimidia</span> <span class='ocrx_word' id='word_1_202' title='bbox 2612 2671 2752 2736; x_wconf 90' lang='lat' dir='ltr'>fere</span> 
     </span>
     <span class='ocr_line' id='line_1_23' title="bbox 406 2776 2749 2860; baseline -0 -18"><span class='ocrx_word' id='word_1_203' title='bbox 406 2776 896 2859; x_wconf 83' lang='lat' dir='ltr'>parenthesium</span> <span class='ocrx_word' id='word_1_204' title='bbox 952 2798 1110 2859; x_wconf 88' lang='lat' dir='ltr'>pars</span> <span class='ocrx_word' id='word_1_205' title='bbox 1157 2798 1197 2842; x_wconf 91' lang='lat' dir='ltr'>a</span> <span class='ocrx_word' id='word_1_206' title='bbox 1245 2778 1567 2859; x_wconf 88' lang='lat' dir='ltr'>scriptore</span> <span class='ocrx_word' id='word_1_207' title='bbox 1614 2778 1842 2843; x_wconf 91' lang='lat' dir='ltr'>mediis</span> <span class='ocrx_word' id='word_1_208' title='bbox 1890 2778 2238 2843; x_wconf 90' lang='lat' dir='ltr'>sententiis</span> <span class='ocrx_word' id='word_1_209' title='bbox 2285 2777 2749 2860; x_wconf 87' lang='lat' dir='ltr'>interponitur,</span> 
     </span>
     <span class='ocr_line' id='line_1_24' title="bbox 406 2884 2752 2971; baseline 0 -21"><span class='ocrx_word' id='word_1_210' title='bbox 406 2887 587 2950; x_wconf 90' lang='lat' dir='ltr'>velut</span> <span class='ocrx_word' id='word_1_211' title='bbox 622 2886 724 2962; x_wconf 91' lang='lat'>15,</span> <span class='ocrx_word' id='word_1_212' title='bbox 760 2885 800 2948; x_wconf 89' lang='grc'><strong>9</strong></span> <span class='ocrx_word' id='word_1_213' title='bbox 849 2884 1264 2965; x_wconf 87' lang='lat' dir='ltr'>parenthesis</span> <span class='ocrx_word' id='word_1_214' title='bbox 1312 2884 1589 2966; x_wconf 87' lang='lat' dir='ltr'>primum</span> <span class='ocrx_word' id='word_1_215' title='bbox 1635 2887 1907 2950; x_wconf 90' lang='lat' dir='ltr'>verbum</span> <span class='ocrx_word' id='word_1_216' title='bbox 1953 2884 2276 2965; x_wconf 83' lang='lat' dir='ltr'>sequitur:</span> <span class='ocrx_word' id='word_1_217' title='bbox 2328 2885 2427 2951; x_wconf 76' lang='grc' dir='ltr'>οἶα</span> <span class='ocrx_word' id='word_1_218' title='bbox 2474 2886 2752 2971; x_wconf 78' lang='grc' dir='ltr'>(πολλοῖς</span> 
     </span>
     <span class='ocr_line' id='line_1_25' title="bbox 407 2991 2511 3080; baseline -0 -22"><span class='ocrx_word' id='word_1_219' title='bbox 407 2997 474 3058; x_wconf 85' lang='grc' dir='ltr'>δὲ</span> <span class='ocrx_word' id='word_1_220' title='bbox 521 2998 638 3078; x_wconf 84' lang='grc' dir='ltr'>πρὸ</span> <span class='ocrx_word' id='word_1_221' title='bbox 683 2996 858 3079; x_wconf 85' lang='grc' dir='ltr'>ἡμῶν</span> <span class='ocrx_word' id='word_1_222' title='bbox 907 2996 939 3057; x_wconf 89' lang='grc' dir='ltr'>ό</span> <span class='ocrx_word' id='word_1_223' title='bbox 985 2995 1170 3071; x_wconf 81' lang='grc' dir='ltr'>τόπος</span> <span class='ocrx_word' id='word_1_224' title='bbox 1218 2991 1625 3080; x_wconf 81' lang='grc' dir='ltr'>ἐξείργασται)</span> <span class='ocrx_word' id='word_1_225' title='bbox 1673 2997 1751 3057; x_wconf 85' lang='grc' dir='ltr'>τὰ</span> <span class='ocrx_word' id='word_1_226' title='bbox 1798 2996 1896 3058; x_wconf 73' lang='grc' dir='ltr'>ἐπὶ</span> <span class='ocrx_word' id='word_1_227' title='bbox 1945 2995 2330 3071; x_wconf 86' lang='grc' dir='ltr'>Ποσειδῶνος</span> <span class='ocrx_word' id='word_1_228' title='bbox 2378 3012 2511 3073; x_wconf 70' lang='grc'><strong>665.</strong></span> 
     </span>
    </p>

    <p class='ocr_par' dir='ltr' id='par_1_4' title="bbox 404 3098 2751 4470">
     <span class='ocr_line' id='line_1_26' title="bbox 585 3098 2750 3182; baseline 0.001 -19"><span class='ocrx_word' id='word_1_229' title='bbox 585 3098 904 3178; x_wconf 87' lang='lat' dir='ltr'>Reliquae</span> <span class='ocrx_word' id='word_1_230' title='bbox 951 3098 1144 3165; x_wconf 88' lang='lat' dir='ltr'>huius</span> <span class='ocrx_word' id='word_1_231' title='bbox 1192 3098 1453 3182; x_wconf 85' lang='lat' dir='ltr'>generis</span> <span class='ocrx_word' id='word_1_232' title='bbox 1500 3101 1933 3180; x_wconf 89' lang='lat' dir='ltr'>parentheses</span> <span class='ocrx_word' id='word_1_233' title='bbox 1972 3105 2125 3181; x_wconf 91' lang='lat' dir='ltr'>post</span> <span class='ocrx_word' id='word_1_234' title='bbox 2155 3100 2347 3180; x_wconf 89' lang='lat' dir='ltr'>plura</span> <span class='ocrx_word' id='word_1_235' title='bbox 2378 3099 2750 3165; x_wconf 90' lang='lat' dir='ltr'>sententiae</span> 
     </span>
     <span class='ocr_line' id='line_1_27' title="bbox 411 3205 2749 3286; baseline 0.001 -15"><span class='ocrx_word' id='word_1_236' title='bbox 411 3207 612 3272; x_wconf 88' lang='lat' dir='ltr'>verba</span> <span class='ocrx_word' id='word_1_237' title='bbox 667 3205 1062 3286; x_wconf 86' lang='lat' dir='ltr'>interposita</span> <span class='ocrx_word' id='word_1_238' title='bbox 1119 3212 1292 3272; x_wconf 89' lang='lat' dir='ltr'>sunt.</span> <span class='ocrx_word' id='word_1_239' title='bbox 1384 3207 1604 3286; x_wconf 89' lang='lat' dir='ltr'>Atque</span> <span class='ocrx_word' id='word_1_240' title='bbox 1660 3207 1729 3271; x_wconf 92' lang='lat' dir='ltr'>in</span> <span class='ocrx_word' id='word_1_241' title='bbox 1777 3206 2182 3273; x_wconf 87' lang='lat' dir='ltr'>secundariis</span> <span class='ocrx_word' id='word_1_242' title='bbox 2230 3206 2577 3273; x_wconf 89' lang='lat' dir='ltr'>sententiis</span> <span class='ocrx_word' id='word_1_243' title='bbox 2623 3210 2749 3273; x_wconf 89' lang='lat' dir='ltr'>hae</span> 
     </span>
     <span class='ocr_line' id='line_1_28' title="bbox 407 3313 2751 3402; baseline 0.003 -27"><span class='ocrx_word' id='word_1_244' title='bbox 407 3313 749 3395; x_wconf 81' lang='lat' dir='ltr'>leguntur:</span> <span class='ocrx_word' id='word_1_245' title='bbox 809 3313 912 3393; x_wconf 83' lang='grc'>23,</span> <span class='ocrx_word' id='word_1_246' title='bbox 966 3315 1043 3376; x_wconf 94' lang='grc'>11</span> <span class='ocrx_word' id='word_1_247' title='bbox 1095 3326 1275 3379; x_wconf 83' lang='grc' dir='ltr'>τοῦτο</span> <span class='ocrx_word' id='word_1_248' title='bbox 1324 3318 1390 3380; x_wconf 86' lang='grc' dir='ltr'>δὲ</span> <span class='ocrx_word' id='word_1_249' title='bbox 1437 3319 1556 3380; x_wconf 85' lang='grc' dir='ltr'>εἴτε</span> <span class='ocrx_word' id='word_1_250' title='bbox 1604 3318 1704 3381; x_wconf 82' lang='grc' dir='ltr'>διὰ</span> <span class='ocrx_word' id='word_1_251' title='bbox 1751 3318 2124 3402; x_wconf 87' lang='grc' dir='ltr'>τοπηγοριάν</span> <span class='ocrx_word' id='word_1_252' title='bbox 2169 3354 2257 3361; x_wconf 89' lang='lat'><strong>—</strong></span> <span class='ocrx_word' id='word_1_253' title='bbox 2299 3353 2387 3361; x_wconf 85' lang='lat'>—-</span> <span class='ocrx_word' id='word_1_254' title='bbox 2432 3314 2539 3381; x_wconf 84' lang='grc' dir='ltr'>εἴτ’</span> <span class='ocrx_word' id='word_1_255' title='bbox 2586 3318 2751 3381; x_wconf 85' lang='grc' dir='ltr'>ἐποι-</span> 
     </span>
     <span class='ocr_line' id='line_1_29' title="bbox 406 3420 2747 3509; baseline 0.001 -24"><span class='ocrx_word' id='word_1_256' title='bbox 406 3421 699 3506; x_wconf 81' lang='grc' dir='ltr'>κονομίαν</span> <span class='ocrx_word' id='word_1_257' title='bbox 747 3424 942 3505; x_wconf 82' lang='grc' dir='ltr'>ἔργων</span> <span class='ocrx_word' id='word_1_258' title='bbox 988 3423 1028 3505; x_wconf 84' lang='grc' dir='ltr'>ἢ</span> <span class='ocrx_word' id='word_1_259' title='bbox 1075 3424 1304 3487; x_wconf 88' lang='grc' dir='ltr'>παθῶν</span> <span class='ocrx_word' id='word_1_260' title='bbox 1353 3420 1582 3507; x_wconf 84' lang='grc' dir='ltr'>(μυρίαι</span> <span class='ocrx_word' id='word_1_261' title='bbox 1614 3427 1732 3508; x_wconf 83' lang='grc' dir='ltr'>γὰρ</span> <span class='ocrx_word' id='word_1_262' title='bbox 1773 3423 1925 3487; x_wconf 81' lang='grc' dir='ltr'>ἰδέαι</span> <span class='ocrx_word' id='word_1_263' title='bbox 1958 3434 2080 3488; x_wconf 86' lang='grc' dir='ltr'>τῶν</span> <span class='ocrx_word' id='word_1_264' title='bbox 2113 3421 2455 3508; x_wconf 80' lang='grc' dir='ltr'>αὐξήσεων)</span> <span class='ocrx_word' id='word_1_265' title='bbox 2502 3424 2747 3509; x_wconf 79' lang='grc' dir='ltr'>γίνοιτο.</span> 
     </span>
     <span class='ocr_line' id='line_1_30' title="bbox 408 3526 2749 3617; baseline 0.003 -28"><span class='ocrx_word' id='word_1_266' title='bbox 408 3528 511 3606; x_wconf 86' lang='grc'>25,</span> <span class='ocrx_word' id='word_1_267' title='bbox 572 3526 648 3590; x_wconf 86' lang='grc'>10</span> <span class='ocrx_word' id='word_1_268' title='bbox 697 3532 785 3591; x_wconf 80' lang='grc' dir='ltr'>ὅτι</span> <span class='ocrx_word' id='word_1_269' title='bbox 834 3528 1034 3612; x_wconf 86' lang='grc' dir='ltr'>μέντοι</span> <span class='ocrx_word' id='word_1_270' title='bbox 1084 3530 1115 3591; x_wconf 87' lang='grc' dir='ltr'>ό</span> <span class='ocrx_word' id='word_1_271' title='bbox 1161 3529 1426 3594; x_wconf 77' lang='grc' dir='ltr'>Πλάτων</span> <span class='ocrx_word' id='word_1_272' title='bbox 1475 3527 1777 3615; x_wconf 80' lang='grc' dir='ltr'>(ἐπάνειμι</span> <span class='ocrx_word' id='word_1_273' title='bbox 1822 3528 1969 3616; x_wconf 80' lang='grc' dir='ltr'>γὰρ)</span> <span class='ocrx_word' id='word_1_274' title='bbox 2030 3532 2286 3616; x_wconf 80' lang='grc' dir='ltr'>τοιούτῳ</span> <span class='ocrx_word' id='word_1_275' title='bbox 2331 3534 2443 3595; x_wconf 80' lang='grc' dir='ltr'>τινὶ</span> <span class='ocrx_word' id='word_1_276' title='bbox 2491 3532 2749 3617; x_wconf 82' lang='grc' dir='ltr'>χεύματι</span> 
     </span>
     <span class='ocr_line' id='line_1_31' title="bbox 407 3634 2748 3723; baseline 0.001 -24"><span class='ocrx_word' id='word_1_277' title='bbox 407 3638 678 3720; x_wconf 73' lang='grc' dir='ltr'>ἀψοφητὶ</span> <span class='ocrx_word' id='word_1_278' title='bbox 726 3635 880 3719; x_wconf 81' lang='grc' dir='ltr'>ῥέων</span> <span class='ocrx_word' id='word_1_279' title='bbox 929 3651 1060 3713; x_wconf 73' lang='grc'><strong>668.</strong></span> <span class='ocrx_word' id='word_1_280' title='bbox 1148 3634 1251 3714; x_wconf 86' lang='grc'>29,</span> <span class='ocrx_word' id='word_1_281' title='bbox 1290 3637 1372 3699; x_wconf 87' lang='grc'><strong>18</strong></span> <span class='ocrx_word' id='word_1_282' title='bbox 1421 3639 1628 3721; x_wconf 86' lang='grc' dir='ltr'>ὥσπερ</span> <span class='ocrx_word' id='word_1_283' title='bbox 1676 3640 1782 3701; x_wconf 77' lang='grc' dir='ltr'>καὶ</span> <span class='ocrx_word' id='word_1_284' title='bbox 1832 3634 1937 3721; x_wconf 75' lang='grc' dir='ltr'>[οἱ]</span> <span class='ocrx_word' id='word_1_285' title='bbox 1970 3635 2168 3702; x_wconf 80' lang='grc' dir='ltr'>Ἑπτὰ</span> <span class='ocrx_word' id='word_1_286' title='bbox 2214 3640 2313 3702; x_wconf 76' lang='grc' dir='ltr'>ἐπὶ</span> <span class='ocrx_word' id='word_1_287' title='bbox 2347 3636 2558 3722; x_wconf 83' lang='grc' dir='ltr'>Θήβας</span> <span class='ocrx_word' id='word_1_288' title='bbox 2604 3636 2748 3723; x_wconf 84' lang='grc' dir='ltr'>παρ’</span> 
     </span>
     <span class='ocr_line' id='line_1_32' title="bbox 406 3739 2749 3829; baseline 0.001 -22"><span class='ocrx_word' id='word_1_289' title='bbox 406 3746 572 3827; x_wconf 84' lang='grc' dir='ltr'>αὐτῷ</span> <span class='ocrx_word' id='word_1_290' title='bbox 622 3739 918 3826; x_wconf 53' lang='grc' dir='ltr'>(ἄνδρεςζ</span> <span class='ocrx_word' id='word_1_291' title='bbox 983 3742 1184 3827; x_wconf 82' lang='grc' dir='ltr'><strong>φησίν,</strong></span> <span class='ocrx_word' id='word_1_292' title='bbox 1247 3740 1423 3807; x_wconf 62' lang='grc' dir='ltr'>Ἑπτὰ</span> <span class='ocrx_word' id='word_1_293' title='bbox 1471 3745 1710 3828; x_wconf 80' lang='grc' dir='ltr'>θούριοι</span> <span class='ocrx_word' id='word_1_294' title='bbox 1760 3744 2115 3829; x_wconf 79' lang='grc' dir='ltr'>λοχαγέται,</span> <span class='ocrx_word' id='word_1_295' title='bbox 2177 3756 2749 3829; x_wconf 80' lang='grc' dir='ltr'>ταυροσφαγοῦντες</span> 
     </span>
     <span class='ocr_line' id='line_1_33' title="bbox 407 3849 2749 3937; baseline 0.002 -24"><span class='ocrx_word' id='word_1_296' title='bbox 407 3851 488 3925; x_wconf 77' lang='grc' dir='ltr'>εἰς</span> <span class='ocrx_word' id='word_1_297' title='bbox 537 3849 904 3933; x_wconf 81' lang='grc' dir='ltr'>μελάνδετον</span> <span class='ocrx_word' id='word_1_298' title='bbox 950 3850 1144 3925; x_wconf 81' lang='grc' dir='ltr'>σάκος</span> <span class='ocrx_word' id='word_1_299' title='bbox 1189 3851 1295 3913; x_wconf 77' lang='grc' dir='ltr'>καὶ</span> <span class='ocrx_word' id='word_1_300' title='bbox 1344 3850 1746 3934; x_wconf 70' lang='grc' dir='ltr'>θιγγάνοντες</span> <span class='ocrx_word' id='word_1_301' title='bbox 1792 3854 1966 3936; x_wconf 71' lang='grc' dir='ltr'>χερσὶ</span> <span class='ocrx_word' id='word_1_302' title='bbox 2013 3852 2294 3937; x_wconf 85' lang='grc' dir='ltr'>ταυρείου</span> <span class='ocrx_word' id='word_1_303' title='bbox 2335 3854 2524 3937; x_wconf 79' lang='grc' dir='ltr'>φόνου</span> <span class='ocrx_word' id='word_1_304' title='bbox 2555 3849 2749 3937; x_wconf 84' lang='grc' dir='ltr'>Ἄρην</span> 
     </span>
     <span class='ocr_line' id='line_1_34' title="bbox 404 3952 2742 4043; baseline 0.001 -24"><span class='ocrx_word' id='word_1_305' title='bbox 404 3952 603 4019; x_wconf 89' lang='grc' dir='ltr'>Ἐνυὼ</span> <span class='ocrx_word' id='word_1_306' title='bbox 635 3959 740 4020; x_wconf 78' lang='grc' dir='ltr'>καὶ</span> <span class='ocrx_word' id='word_1_307' title='bbox 774 3955 1140 4041; x_wconf 79' lang='grc' dir='ltr'>φιλαίματον</span> <span class='ocrx_word' id='word_1_308' title='bbox 1173 3956 1382 4041; x_wconf 86' lang='grc' dir='ltr'>Φόβον</span> <span class='ocrx_word' id='word_1_309' title='bbox 1415 3956 1924 4043; x_wconf 81' lang='grc' dir='ltr'>ὡρκωμότησαν’)</span> <span class='ocrx_word' id='word_1_310' title='bbox 1972 3963 2076 4023; x_wconf 88' lang='grc' dir='ltr'>τὸν</span> <span class='ocrx_word' id='word_1_311' title='bbox 2113 3960 2262 4023; x_wconf 86' lang='grc' dir='ltr'>ἴδιον</span> <span class='ocrx_word' id='word_1_312' title='bbox 2311 3976 2442 4038; x_wconf 73' lang='grc'><strong>663.</strong></span> <span class='ocrx_word' id='word_1_313' title='bbox 2521 3959 2625 4037; x_wconf 89' lang='grc'><strong>37,</strong></span> <span class='ocrx_word' id='word_1_314' title='bbox 2665 3960 2742 4021; x_wconf 94' lang='grc'>11</span> 
     </span>
     <span class='ocr_line' id='line_1_35' title="bbox 408 4063 2748 4151; baseline 0.002 -25"><span class='ocrx_word' id='word_1_315' title='bbox 408 4064 491 4139; x_wconf 84' lang='grc' dir='ltr'>ὡς</span> <span class='ocrx_word' id='word_1_316' title='bbox 537 4066 657 4147; x_wconf 83' lang='grc' dir='ltr'>γὰρ</span> <span class='ocrx_word' id='word_1_317' title='bbox 705 4064 760 4126; x_wconf 87' lang='grc' dir='ltr'>οἱ</span> <span class='ocrx_word' id='word_1_318' title='bbox 805 4072 891 4147; x_wconf 83' lang='grc' dir='ltr'>τῷ</span> <span class='ocrx_word' id='word_1_319' title='bbox 943 4067 1064 4127; x_wconf 80' lang='grc' dir='ltr'>ὄντι</span> <span class='ocrx_word' id='word_1_320' title='bbox 1099 4065 1478 4149; x_wconf 82' lang='grc' dir='ltr'>ὀργιζόμενοι</span> <span class='ocrx_word' id='word_1_321' title='bbox 1525 4066 1566 4149; x_wconf 81' lang='grc' dir='ltr'>ἢ</span> <span class='ocrx_word' id='word_1_322' title='bbox 1595 4101 1684 4108; x_wconf 88' lang='lat'>-—</span> <span class='ocrx_word' id='word_1_323' title='bbox 1716 4102 1802 4108; x_wconf 96' lang='lat'>—</span> <span class='ocrx_word' id='word_1_324' title='bbox 1832 4067 1872 4149; x_wconf 84' lang='grc' dir='ltr'>ἢ</span> <span class='ocrx_word' id='word_1_325' title='bbox 1920 4063 2022 4129; x_wconf 77' lang='grc' dir='ltr'>ὑπ’</span> <span class='ocrx_word' id='word_1_326' title='bbox 2070 4067 2264 4130; x_wconf 84' lang='grc' dir='ltr'>ἄλλου</span> <span class='ocrx_word' id='word_1_327' title='bbox 2311 4071 2469 4143; x_wconf 85' lang='grc' dir='ltr'>τινὸς</span> <span class='ocrx_word' id='word_1_328' title='bbox 2516 4064 2748 4151; x_wconf 84' lang='grc' dir='ltr'>(πολλὰ</span> 
     </span>
     <span class='ocr_line' id='line_1_36' title="bbox 406 4170 2745 4257; baseline 0.003 -25"><span class='ocrx_word' id='word_1_329' title='bbox 406 4173 524 4254; x_wconf 86' lang='grc' dir='ltr'>γὰρ</span> <span class='ocrx_word' id='word_1_330' title='bbox 572 4172 677 4232; x_wconf 71' lang='grc' dir='ltr'>καὶ</span> <span class='ocrx_word' id='word_1_331' title='bbox 724 4170 1118 4255; x_wconf 75' lang='grc' dir='ltr'>ἀναρίθμητοι</span> <span class='ocrx_word' id='word_1_332' title='bbox 1179 4173 1359 4256; x_wconf 73' lang='grc' dir='ltr'>πάθη</span> <span class='ocrx_word' id='word_1_333' title='bbox 1421 4174 1527 4236; x_wconf 76' lang='grc' dir='ltr'>καὶ</span> <span class='ocrx_word' id='word_1_334' title='bbox 1589 4170 1717 4237; x_wconf 79' lang='grc' dir='ltr'>οὐδ’</span> <span class='ocrx_word' id='word_1_335' title='bbox 1768 4176 1842 4238; x_wconf 85' lang='grc' dir='ltr'>ἂν</span> <span class='ocrx_word' id='word_1_336' title='bbox 1903 4174 2090 4237; x_wconf 80' lang='grc' dir='ltr'>εἰπεῖν</span> <span class='ocrx_word' id='word_1_337' title='bbox 2151 4196 2239 4251; x_wconf 90' lang='grc' dir='ltr'>τις</span> <span class='ocrx_word' id='word_1_338' title='bbox 2298 4176 2415 4238; x_wconf 81' lang='grc' dir='ltr'>ὅσα</span> <span class='ocrx_word' id='word_1_339' title='bbox 2476 4172 2745 4257; x_wconf 82' lang='grc' dir='ltr'>δύναιτο)</span> 
     </span>
     <span class='ocr_line' id='line_1_37' title="bbox 407 4275 2747 4365; baseline 0.002 -26"><span class='ocrx_word' id='word_1_340' title='bbox 407 4276 702 4340; x_wconf 82' lang='grc' dir='ltr'>ἑκάστοτε</span> <span class='ocrx_word' id='word_1_341' title='bbox 749 4292 879 4353; x_wconf 83' lang='lat' dir='ltr'>eqS.</span> <span class='ocrx_word' id='word_1_342' title='bbox 985 4275 1090 4357; x_wconf 88' lang='lat'>54,</span> <span class='ocrx_word' id='word_1_343' title='bbox 1145 4277 1225 4338; x_wconf 89' lang='lat'>14</span> <span class='ocrx_word' id='word_1_344' title='bbox 1288 4279 1370 4356; x_wconf 84' lang='grc' dir='ltr'>ὡς</span> <span class='ocrx_word' id='word_1_345' title='bbox 1430 4280 1800 4364; x_wconf 88' lang='grc' dir='ltr'>θεόπεμπτα</span> <span class='ocrx_word' id='word_1_346' title='bbox 1861 4282 2028 4344; x_wconf 82' lang='grc' dir='ltr'>δεινὰ</span> <span class='ocrx_word' id='word_1_347' title='bbox 2088 4281 2421 4365; x_wconf 78' lang='grc' dir='ltr'>δωρήματα</span> <span class='ocrx_word' id='word_1_348' title='bbox 2482 4278 2580 4363; x_wconf 85' lang='grc' dir='ltr'>(οὐ</span> <span class='ocrx_word' id='word_1_349' title='bbox 2625 4285 2747 4365; x_wconf 84' lang='grc' dir='ltr'>γὰρ</span> 
     </span>
     <span class='ocr_line' id='line_1_38' title="bbox 404 4383 2163 4470; baseline 0.002 -24"><span class='ocrx_word' id='word_1_350' title='bbox 404 4384 592 4447; x_wconf 82' lang='grc' dir='ltr'>εἰπεῖν</span> <span class='ocrx_word' id='word_1_351' title='bbox 639 4384 893 4468; x_wconf 81' lang='grc' dir='ltr'>θεμιτὸν</span> <span class='ocrx_word' id='word_1_352' title='bbox 941 4383 1330 4469; x_wconf 84' lang='grc' dir='ltr'>ἀνθρώπινα)</span> <span class='ocrx_word' id='word_1_353' title='bbox 1377 4388 1586 4470; x_wconf 80' lang='grc' dir='ltr'>ἀθρόα</span> <span class='ocrx_word' id='word_1_354' title='bbox 1634 4388 1719 4463; x_wconf 79' lang='grc' dir='ltr'>εἰς</span> <span class='ocrx_word' id='word_1_355' title='bbox 1767 4387 1984 4460; x_wconf 76' lang='grc' dir='ltr'>ἑαυτόν</span> <span class='ocrx_word' id='word_1_356' title='bbox 2033 4404 2163 4465; x_wconf 75' lang='grc'><strong>668.</strong></span> 
     </span>
    </p>

    <p class='ocr_par' dir='ltr' id='par_1_5' title="bbox 2357 4511 2390 4563">
     <span class='ocr_line' id='line_1_39' title="bbox 2357 4511 2390 4563; baseline 0 0"><span class='ocrx_word' id='word_1_357' title='bbox 2357 4511 2390 4563; x_wconf 89' lang='grc'><strong>2</strong></span> 
     </span>
    </p>
   </div>
  </div>
 </body>
</html>
